2256 3836
18 284 20 322 i

82 320 115 367 111
136 321 150 366 r
440 273 443 278 ’
847 316 898 372 raa

99 489 109 532 1
146 487 228 551 gum
250 487 348 550 supra
375 464 513 550 scriptus
542 464 658 530 fluvius
681 462 750 530 Ger
775 463 897 530 dilatis·

97 593 110 636 a
146 568 229 632 sime
253 568 364 632 currit.

15 735 16 740 ,
96 693 110 738 a
191 669 248 734 Ad
270 671 408 735 frontem
430 678 537 736 autem
560 669 703 736 eiusdem
717 668 896 734 Biboblatis

95 787 110 833 4
145 774 287 858 patriae,
315 795 392 858 prae
420 773 527 838 medio
555 774 657 861 multa
685 795 755 838 esse
783 773 897 857 spatia,

95 893 109 939 a
145 875 182 941 id
205 885 255 943 est
277 875 405 942 deserta
430 898 512 960 quae
535 899 633 962 supra
653 875 897 956 nominavimus,

95 1000 109 1045 e
145 979 238 1044 iuxta
259 1003 347 1044 mare
368 1002 520 1067 magnum
534 981 665 1066 ponitur
684 980 788 1065 patria
802 979 896 1044 nimis

13 1085 14 1090 ’
95 1104 109 1148 ⁷
146 1083 380 1168 spatiosissima
395 1082 608 1167 quaediuitur
617 1082 782 1146 Africana.
805 1083 896 1148 ouius

12 1189 13 1264 ᾗ
95 1207 110 1251 8
146 1187 269 1273 patriae
291 1186 410 1250 multae
433 1193 518 1267 suut,
540 1194 577 1250 ut
599 1184 811 1270 descriptores
826 1186 897 1271 phi·

11 1310 13 1348 i
95 1314 109 1357 s
146 1289 274 1375 losephi
298 1287 420 1370 dicunt,
443 1311 483 1352 ex
506 1288 623 1372 quibus
646 1311 707 1375 ego
729 1289 795 1376 legi
817 1289 897 1354 Pro-

82 1420 111 1464 ιο
147 1393 257 1457 vinum
286 1401 382 1477 atque
412 1391 618 1458 Melitianum
647 1414 764 1479 genere
785 1393 897 1473 Afros,

83 1523 111 1567 11
148 1494 207 1560 sed
235 1503 267 1559 et
298 1492 480 1560 Castorium
508 1494 727 1561 Romanorum
756 1495 896 1580 philoso-

84 1624 113 1669 12
148 1598 256 1683 phum.
304 1597 361 1662 sed
384 1621 443 1684 ego
467 1599 613 1664 civitates
636 1600 768 1665 inferius
792 1598 895 1666 dietas

8 1713 10 1754 ἰ
86 1729 114 1773 13
150 1724 246 1786 supra
274 1701 413 1785 scriptae
435 1701 609 1767 Africanae
637 1703 760 1788 patriae
783 1725 896 1768 seeun-

87 1836 116 1880 14
151 1804 226 1869 dum
249 1801 432 1870 Castorium
455 1804 631 1891 designavi.

88 1938 116 1983 15
193 1907 232 1972 In
256 1931 320 1992 qua
335 1907 491 1974 Africana
504 1909 609 1993 patria
629 1909 782 1994 plurimas
796 1909 896 1976 fuisse

90 2041 118 2086 15
153 2012 295 2077 civitates
325 2011 478 2099 legimus,
508 2035 548 2075 ex
577 2012 693 2096 quibus
716 2013 895 2096 aliquantas

91 2143 118 2186 u
152 2113 317 2202 designare
345 2116 509 2198 volumuS‚
539 2115 574 2180 id
603 2124 653 2182 est
682 2117 794 2182 civitas
816 2117 896 2182 Tra-

93 2244 120 2288 ia
152 2219 249 2303 gulis,
284 2241 365 2303 quae
396 2219 562 2284 confinalis
591 2229 641 2284 est
668 2220 770 2284 litoris
799 2220 895 2284 maris

155 2525 166 2568 l
190 2523 306 2582 seriptum
323 2521 367 2570 Bc
383 2523 447 2570 editi.
475 2523 485 2568 ii
510 2521 662 2569 dillatissima
681 2521 705 2569 0.
760 2525 775 2569 8
799 2527 892 2580 autem]

151 2606 205 2640 varo
225 2592 249 2640 0.
277 2593 287 2640 ΙΙ
314 2594 431 2650 eiusdem!
451 2595 521 2640 iuxta
538 2595 560 2640 B
578 2594 643 2650 editi,
674 2593 684 2638 il
709 2592 896 2640 biblobatisBC

153 2664 214 2710 editi.
263 2665 368 2724 4prael
387 2678 430 2724 per
447 2655 491 2711 AB
509 2664 572 2710 editi.
600 2663 610 2710 ΙΙ
635 2663 740 2710 medium
752 2664 781 2709 A.
808 2662 818 2708 ΙΙ
843 2678 894 2715 esse

152 2748 193 2780 om.
206 2735 271 2781 aditi.
300 2735 309 2781 ΙΙ
335 2737 416 2794 spacia
430 2733 454 2782 O.
509 2735 698 2794 ispuciossima
717 2733 735 2781 C
751 2734 894 2780 atsiedein·

153 2817 211 2864 cepa.
238 2805 248 2851 ΙΙ
274 2805 389 2852 affricana
408 2804 432 2852 0.
506 2807 537 2851 10
556 2804 708 2852 melicianum
728 2803 752 2851 0.
820 2807 850 2850 11
870 2811 895 2852 et

155 2876 240 2921 om.B.
267 2874 277 2921 ΙΙ
304 2877 419 2923 castorius
431 2878 459 2933 A,
477 2877 610 2922 karterium
630 2873 654 2922 θ.
682 2875 691 2920 ΙΙ
715 2873 893 2935 philosophum}

151 2944 201 3005 ph’s
218 2948 247 2992 A.
303 2947 334 2992 18
353 2961 425 3006 supra
437 2947 548 3005 scriptael
567 2947 675 3006 superius
687 2947 788 3004 scriptas
800 2949 828 3004 A,
855 2961 895 2993 su·

152 3018 228 3074 parius
246 3017 333 3075 scripta
352 3015 376 3075 0,
405 3019 555 3077 supradictae
579 3017 644 3063 editi.
675 3015 684 3062 ΙΙ
715 3017 827 3063 affricano
845 3016 892 3064 ΒΟ.

155 3087 185 3132 14
210 3087 343 3134 kasturium
372 3087 396 3135 0.
470 3088 500 3133 15
529 3089 645 3134 affricaua
670 3085 720 3133 ΒΟ.
750 3088 759 3133 ΙΙ
785 3089 895 3135 civitates

152 3157 222 3204 fnisse
242 3156 266 3205 0.
341 3159 372 3205 17
401 3157 512 3216 Tragulis
535 3161 605 3204 etium
622 3158 643 3203 V
659 3159 681 3215 6,
708 3158 807 3218 Tagulis
829 3159 892 3215 Tab„

154 3223 279 3296 θαγουλίς
296 3227 369 3286 Ptol„
387 3227 495 3290 Tugulus
513 3229 568 3274 Ant.
624 3230 654 3275 18
673 3227 749 3275 littori
766 3231 794 3275 A.
