2314 3840
1 243 2 252 ¹
91 285 140 331 rr
889 285 922 338 17

111 452 125 496 r
165 429 259 496 iussu
281 429 322 494 ab
346 430 448 496 oculis
472 431 540 495 eius
563 429 757 496 absconsum
779 441 829 498 est
854 433 922 517 ipse

110 555 127 600 a
166 533 260 599 loeus
284 555 349 616 quo
372 534 524 598 existeret
538 532 719 618 paradisus,
742 543 775 600 et
797 535 859 600 nisi
875 559 924 600 ar·

111 657 127 702 a
166 635 351 702 bitrabatur
373 659 447 702 eum
470 659 541 702 esse
555 637 645 700 velut
666 661 767 702 unum
790 637 830 703 de
853 639 923 704 aliis

103 763 128 806 .4
167 740 250 804 locis
267 741 357 824 (narn
371 741 441 826 ipse
453 749 522 804 erat
534 741 710 806 certissime
720 740 923 826 paradisus):

113 863 128 909 5
168 854 203 908 et
217 842 261 907 ad
275 866 371 926 quem
385 842 628 927 respondemus,
651 843 714 908 hoc
730 844 826 908 etiam
848 845 875 910 si
890 846 924 910 in

114 967 130 1012 6
168 947 311 1012 humana
332 956 440 1012 mente
462 946 630 1028 assederit,
652 948 742 1012 velut
763 970 861 1014 unam
884 949 923 1014 de

115 1073 130 1116 7
168 1051 289 1134 iniquis
324 1049 573 1136 cogitationibus
610 1072 682 1115 esse
712 1051 924 1135 deceruimus,

115 1175 131 1220 s
170 1153 260 1239 quod
295 1153 511 1238 corruptibilis
547 1154 666 1218 missus
695 1155 801 1220 fuerat
829 1157 924 1221 homo

117 1281 131 1323 s
170 1269 228 1324 aut
256 1267 370 1343 sponte
398 1255 623 1341 perambulans
654 1259 721 1322 suis
752 1250 925 1346 corporali·

1 1433 2 1436 ,
99 1383 132 1428 10
170 1362 233 1427 bus
273 1361 375 1425 oculis
409 1361 569 1444 potuisset
597 1361 650 1424 vel
687 1361 783 1426 modo
823 1365 925 1449 possit

1 1545 2 1548 Ἴ
96 1491 129 1533 11
170 1465 407 1530 nobilissimum
427 1461 537 1526 videre
564 1463 751 1548 paradisum
779 1477 835 1532 aut
856 1468 925 1552 pol-

1 1614 2 1654 ἦ
97 1591 132 1635 11
170 1569 248 1632 lutis
270 1578 390 1632 terram
412 1576 558 1632 sanctam
584 1567 807 1651 perambulare
835 1569 926 1654 pedi·

98 1694 132 1739 13
171 1671 244 1736 bus.
266 1671 396 1757 plurimi
411 1671 496 1734 enim
512 1671 604 1752 quasi
626 1673 850 1758 cosmographi
865 1673 924 1738 sub

1 1806 2 1818 ¹
99 1801 133 1846 14
172 1797 371 1862 paganorum
385 1785 540 1859 tempore,
564 1783 637 1838 ante
654 1797 749 1857 quam
765 1799 844 1862 gens
860 1775 926 1840 Ro-

99 1903 133 1950 15
173 1902 340 1946 manorum
361 1887 554 1963 potestatem
577 1877 763 1942 dominandi
783 1880 926 1964 accepis-

1 2043 3 2056 ι
100 2005 134 2052 re
174 1994 224 2049 set
245 1983 425 2062 saeculum,
453 2003 519 2044 non
542 1979 678 2046 dicimus
710 1981 797 2065 quod
823 1991 926 2046 totum

1 2092 2 2097 ’
98 2107 133 2152 17
173 2087 340 2168 mundum,
352 2109 426 2150 nam
433 2083 631 2164 orientalem,
644 2093 718 2146 ante
731 2107 827 2167 quam
834 2082 927 2150 Chri·

99 2210 133 2254 18
173 2192 216 2256 sti
231 2190 283 2255 dei
298 2190 400 2254 nostri
416 2188 455 2252 de
471 2189 657 2272 incorrupto
678 2187 812 2273 virginis
834 2196 926 2252 utero

101 2313 134 2358 re
173 2295 348 2381 corporalis
370 2294 485 2358 fuisset
498 2292 691 2376 praesentia,
714 2300 799 2372 ante,
822 2292 925 2356 orien-

99 2412 134 2457 20
170 2399 270 2464 talem
302 2399 433 2484 plagam
460 2396 702 2480 descripserunt
734 2404 771 2460 ut
803 2394 925 2459 dictum

1 2563 2 2578 ,
100 2515 132 2561 21
173 2513 233 2568 est.
285 2511 318 2566 et
346 2501 403 2565 ubi
430 2501 492 2564 fuit
517 2500 572 2563 ille
601 2497 729 2584 gladius
755 2498 925 2580 versatilis,

100 2621 134 2666 aa
173 2608 229 2690 qui
258 2606 312 2671 dei
341 2607 433 2672 iussu
466 2625 569 2687 usque
597 2601 640 2668 ad
674 2602 927 2667 incarnationem

172 2824 185 2868 1
208 2821 298 2867 occulis
310 2822 341 2867 B.
359 2821 369 2866 ll
388 2821 440 2880 ipsc
451 2819 520 2864 locus
533 2819 589 2876 quol
606 2817 656 2876 ipse
669 2816 736 2863 locus
748 2817 778 2874 B,
798 2816 864 2876 quod
876 2815 926 2874 ipse

170 2892 317 2938 locuscdr'tr'.
390 2891 572 2945 4certissimel
586 2893 649 2933 terte
662 2889 761 2933 Rediti.
834 2888 928 2946 Spost

172 2964 238 3022 quod
250 2963 308 3010 editi
320 2961 410 3008 addunt
427 2961 475 3019 qui.
495 2961 505 3005 ΙΙ
525 2957 723 3018 corruptibilibus
738 2959 802 3003 editi.
821 2958 830 3003 ΙΙ
849 2958 927 3003 homi·

172 3035 244 3080 nibus
266 3034 310 3079 AB
333 3032 401 3088 editt,¹
419 3030 453 3091 cf.
474 3032 583 3077 182er
602 3030 644 3074 14.
725 3031 755 3074 10
788 3027 878 3075 occulis
896 3029 925 3074 B.
964 3067 966 3074 a

175 3108 204 3150 11
228 3104 320 3164 polutis
338 3103 368 3148 B.
442 3104 473 3148 13
493 3103 557 3148 enim
576 3115 621 3146 om.
635 3101 662 3145 A.
683 3100 692 3146 ΙΙ
713 3100 865 3158 asmographi
883 3100 926 3145 AB

172 3172 409 3236 edict;eJ.1315.
466 3175 498 3218 14
518 3172 665 3231 temporibus
684 3171 748 3216 editi.
806 3172 927 3217 151011-

171 3247 264 3306 pissent
281 3246 311 3292 B.
384 3245 417 3289 22
445 3239 633 3290 incarnationis?
706 3241 707 3245 ’

744 3325 758 3364 2
876 3367 893 3397 1
