2210 3834
67 1517 94 1562 11

67 1622 95 1666 11

67 1727 95 1772 13

67 1831 94 1873 14

67 1935 93 1980 15

67 2040 92 2085 16

66 2144 91 2188 17

275 458 419 526 Graecae

274 563 416 651 Lugaria

273 666 432 732 Umbrion

272 770 424 836 Becurnis

272 873 403 958 Equilia

272 977 392 1059 Floria,
414 978 580 1045 Florentia

273 1078 398 1147 Solaria

272 1185 396 1250 Eleana

271 1288 430 1354 Pisturias

272 1392 401 1458 Martis.

168 1493 249 1560 Item
271 1497 362 1561 iuxta
376 1497 573 1562 Florentiam
597 1508 646 1563 est
662 1499 774 1564 civitas
791 1522 872 1583 quae

128 1599 240 1665 djcimr

271 1704 411 1786 Fesulis,
432 1705 509 1770 item

272 1808 398 1872 Arnum

273 1911 408 1976 Portum

272 2014 445 2080 Balbatum

272 2118 375 2202 Luca,
398 2143 479 2204 quae
503 2121 681 2185 confinatur
702 2169 871 2185 ......

126 2311 137 2354 1
157 2323 227 2368 grece
247 2307 271 2366 0,
300 2323 371 2368 greca
391 2309 418 2368 G,
445 2309 485 2356 Ad
498 2309 587 2356 Grecos
609 2310 664 2356 Tob.
719 2311 733 2355 2
759 2325 806 2369 pro
824 2311 872 2357 Lu·

123 2382 189 2439 gerla
210 2380 267 2425 Ταῦ.
295 2378 365 2426 habet
385 2379 424 2426 Ad
442 2380 589 2446 ioglandem.
655 2383 670 2427 3
699 2380 825 2428 Umbriam
844 2382 871 2440 G,

123 2451 213 2497 Umbro
232 2451 258 2496 fl.
280 2450 336 2497 Tab.
402 2453 418 2497 4
445 2452 554 2498 Betemis
572 2452 636 2508 aditi,
660 2452 768 2498 Veturris
789 2453 871 2510 (luido,

124 2521 231 2568 Bituriza
251 2521 320 2580 Tab„
343 2520 455 2582 sortasse
476 2523 557 2569 Massa
578 2522 730 2570 Veternensis
756 2525 871 2570 Amanicas.

125 2593 138 2638 5
156 2592 269 2652 Equilial
287 2591 326 2638 Ad
344 2593 448 2652 aquileia
469 2593 525 2639 Tac.
580 2595 594 2639 6
614 2592 693 2640 Floria
711 2608 755 2640 om.
770 2595 872 2641 (ἔνεστι.

123 2663 133 2709 ll
144 2665 278 2718 Florentia]
306 2663 420 2710 florencia
445 2663 473 2721 C,
510 2664 632 2710 Florentia
653 2665 785 2710 Tuscorum
816 2664 871 2711 Tab.

125 2738 137 2780 7
166 2734 275 2790 Solaria}
298 2733 338 2780 Ad
360 2735 449 2781 solaria
473 2735 536 2791 Tab„
561 2749 606 2780 om.
626 2733 650 2780 (J.
726 2737 740 2780 8
768 2735 871 2793 Eleana}

123 2806 227 2852 Hellana
259 2805 315 2850 Tab.
399 2807 413 2850 9
441 2805 569 2861 Pisturiasl
601 2805 700 2852 Pistoris
731 2807 787 2851 Ant.
816 2806 871 2852 Tac.

126 2879 155 2923 10
183 2876 283 2931 Martis}
311 2874 350 2921 Ad
372 2877 456 2922 martis
487 2877 541 2922 Tac.
617 2877 646 2921 ll
681 2876 818 2923 florenciam
848 2876 871 2923 0.

126 2949 156 2994 13
174 2946 288 2994 Faesulas
306 2947 370 3003 aditi,
388 2946 489 2993 Faesula
505 2953 527 2992 et
538 2945 652 2992 Faesulae
671 2945 722 2992 alii.
778 2949 809 2994 14
828 2947 872 2994 Ar·

123 3033 179 3064 num
197 3019 221 3064 fl.
238 3017 295 3063 Tac.
350 3018 381 3064 15
401 3017 507 3074 Portum]
526 3018 555 3062 In
566 3023 638 3076 portu
654 3017 709 3062 Ταῦ.
766 3019 796 3065 16
816 3018 872 3066 Bal·

124 3089 219 3146 hatum}
242 3088 347 3136 Valuata
372 3089 427 3134 Ταῦ.
504 3090 535 3134 17
563 3088 630 3132 Luca
654 3090 723 3133 etiam
739 3089 794 3136 Ant.
814 3089 871 3136 Tob.

124 3159 133 3206 ll
146 3161 290 3216 ccnfinatur]
314 3158 414 3204 lucanae
436 3161 461 3204 ia
478 3159 596 3205 codicibus
614 3172 661 3203 noa
679 3159 797 3205 indicatae
811 3175 872 3219 par-

125 3237 167 3276 tem
185 3230 263 3290 explet
282 3229 369 3287 Gaidc,
395 3231 458 3288 apud
480 3245 546 3290 qaam
567 3235 622 3287 post
639 3229 726 3276 Pistria
745 3238 872 3277 recarmml

124 3301 180 3348 laec
197 3303 270 3348 verba
289 3315 349 3362 quae
368 3303 502 3348 conlimatur
522 3315 576 3347 cum
594 3301 721 3347 territorio.
