2314 3840
238 269 274 318 32
993 268 1005 313 1
1026 270 1058 315 13

259 435 271 478 1
309 411 452 478 ediscere
476 436 656 498 possumus.
702 412 761 478 sed
775 413 803 478 si
817 413 945 498 legeris,
969 409 1061 478 Odo-

154 515 156 520 ’
257 537 271 582 2
310 537 393 596 care,
422 515 542 580 bellum
573 515 660 599 quod
689 516 790 602 gessit
811 516 969 580 Traianus
993 515 1061 580 Ro-

257 641 272 686 8
308 643 475 684 manorum
497 620 679 703 imperator,
706 617 833 702 quando
854 618 932 684 litus
954 628 1060 684 totum

256 745 272 788 4
309 731 455 786 arctoum
478 719 645 788 Oceanum
668 721 852 804 ambulavit,
875 721 1005 805 quando
1027 734 1061 787 et

257 845 272 890 ὁ
308 825 474 890 Dacorum
496 849 604 912 regem
627 824 757 908 devicit,
783 825 916 915 mirifice
938 824 1060 890 ibidem

257 948 271 992 c
308 929 451 994 invenies
463 929 622 1012 quomodo
634 928 830 994 mirabantur
840 929 1060 996 Romanorum

257 1051 270 1095 7
308 1033 536 1117 sapientissimi
559 1031 750 1098 arbitrantes
776 1032 918 1098 detinere
940 1041 1059 1096 terram

231 1127 271 1198 ¹o
308 1136 493 1218 aequaliter.
582 1132 584 1138 ’

256 1261 270 1304 a
342 1238 394 1306 14.
439 1241 484 1304 Et
512 1241 540 1306 si
569 1241 684 1324 aliquis
706 1241 907 1326 proposuerit
936 1239 1059 1322 dicens,

240 1362 271 1406 10
307 1367 373 1406 non
395 1345 455 1408 rite
478 1343 536 1408 sed
557 1345 659 1430 magis
682 1345 865 1430 ignoranter
885 1367 943 1428 per
964 1345 1059 1408 hora·

239 1465 269 1508 11
307 1470 379 1510 rum
401 1448 505 1512 noctis
529 1447 785 1536 septentrionalis
806 1446 920 1533 plagae
937 1449 1059 1512 circum

239 1559 271 1604 12
306 1549 441 1616 limbum
453 1547 577 1616 Oceani
591 1553 714 1636 positae
728 1551 850 1636 patriae
865 1561 1058 1637 supputatae

239 1663 270 1706 1³
308 1664 394 1735 sunt,
417 1653 497 1718 dum¹
509 1654 700 1739 quandoque
714 1654 914 1740 horologium
928 1678 993 1718 non
1009 1666 1059 1719 est

239 1768 271 1812 14
308 1767 341 1820 et
356 1758 502 1839 fortasse,
517 1769 554 1822 ut
569 1758 704 1840 adsolet,
721 1782 786 1824 nox
801 1758 976 1843 caliginosa
991 1759 1058 1822 exi-

239 1869 269 1914 15
308 1873 396 1926 stcns
419 1862 507 1926 nullo
531 1861 626 1926 modo
642 1863 727 1926 valet
748 1862 843 1926 homo
860 1861 965 1926 noctis
982 1883 1058 1946 sup-

238 1975 270 2020 16
306 1963 450 2048 putando
474 1966 591 2029 intueri
612 1965 724 2048 horaS,
751 1989 809 2051 per
831 1988 921 2049 quas,
949 1975 985 2030 ut
1009 1963 1058 2028 di-

238 2080 269 2124 17
307 2076 395 2131 ctum
411 2076 470 2150 est,
495 2091 689 2154 cognoscere
704 2070 805 2155 possit
825 2069 985 2154 praefatas
1000 2091 1057 2153 pa-

237 2183 269 2228 18
305 2171 401 2234 trias:
425 2171 542 2254 quibus
557 2172 816 2258 respondendum
832 2183 881 2238 est
896 2171 1057 2256 quomodo

237 2289 268 2332 19
306 2297 383 2361 ergo
411 2275 445 2340 in
475 2277 595 2341 sanctis
629 2277 795 2362 scripturis
823 2278 979 2342 insertum
1007 2285 1058 2342 est

236 2390 269 2436 20
306 2377 394 2462 quod
425 2379 566 2459 „lactum
595 2389 644 2444 est
666 2381 770 2446 noctis
798 2381 955 2461 medium,
982 2402 1057 2464 per-

236 2494 267 2538 21
307 2481 408 2544 cussit
431 2480 578 2548 dominus
602 2506 728 2549 omnem
749 2485 997 2571 primogenitum
1022 2485 1056 2548 in

196 2661 200 2668 Ι
235 2598 268 2644 22
304 2593 391 2648 terra
406 2585 587 2671 Aegypti;“
613 2597 645 2651 et
665 2587 930 2674 psalmographus
945 2591 1057 2658 David
1152 2639 1153 2646 κ

235 2701 268 2745 23
305 2688 351 2752 ait
376 2688 502 2770 „media
525 2699 619 2752 nocte
643 2690 814 2778 surgebam
836 2691 877 2756 ad
900 2696 1056 2762 confiten-

307 2875 320 2918 1
359 2873 483 2920 Odocarae
504 2875 573 2932 edin,-
595 2873 705 2936 fortasse
722 2876 775 2924 Odo
797 2893 863 2937 eare3
892 2877 924 2940 cf.
945 2882 959 2926 1
979 2883 1012 2927 11
1039 2898 1054 2928 ο
1128 2935 1130 2940 ,

304 2945 339 2989 mi
350 2946 422 2990 frater
433 2945 561 3002 carissime,
581 2953 603 2992 et
620 2947 652 2992 31
673 2948 705 2992 14
725 2950 835 2995 camiso.
871 2952 884 2996 2
905 2953 1012 2999 troianus
1023 2957 1054 2999 A.

299 3015 320 3077 Ιὅ
349 3021 429 3074 regom
452 3019 480 3060 A.
555 3019 568 3062 7
595 3019 695 3064 detineri
723 3019 786 3064 editi.
858 3023 889 3066 11
917 3030 1000 3069 noctes
1023 3027 1054 3070 A.

307 3087 338 3130 12
367 3085 475 3145 lymbum
493 3087 526 3143 B,
554 3089 654 3147 ymbum
676 3091 710 3145 A,
738 3092 777 3149 qui
794 3089 894 3138 limbum
916 3094 949 3138 11
970 3095 1003 3140 16
1017 3111 1053 3155 sq.

1151 2297 1155 2326 l

1152 2657 1153 2672 r

1151 2693 1153 2720 l

1149 2723 1152 2828 l

306 3157 338 3200 20
374 3159 464 3202 factum
491 3161 539 3214 estl
566 3159 646 3205 Exodi
672 3161 706 3204 12
729 3161 771 3206 29.
877 3164 909 3208 21
942 3171 995 3210 ome
1022 3168 1052 3212 A.
1149 3165 1150 3194 ³

305 3227 338 3272 22
370 3228 452 3286 egypti
471 3227 500 3272 B.
578 3231 609 3274 23
639 3232 717 3276 media
735 3235 816 3288 nocto]
835 3231 924 3280 Paalrrr.
938 3236 989 3282 118
1009 3237 1051 3282 62.
