2314 3840
84 257 130 302 12
892 254 911 306 5

105 425 117 468 1
157 410 221 481 oet,
237 401 294 484 qui
309 399 397 485 apud
408 400 563 465 humanos
573 422 703 486 gressus
713 399 803 464 nullo
814 399 911 466 modo

104 529 119 573 a
155 513 245 568 totus
256 503 652 588 perambulariinvenitur.
676 526 751 567 nam
767 502 810 567 ad
824 505 913 568 fron·

104 631 119 674 a
156 617 224 672 tem
247 607 392 672 eiusdem
406 605 519 671 Indiae
537 607 655 670 Persae
677 607 855 689 inferiores,
876 606 912 671 id

104 735 120 778 4
158 720 209 774 est
224 711 350 792 Parthi,
368 711 620 791 convicinantur,
637 709 695 774 sed
710 719 742 774 et
757 710 838 773 aliae
854 732 913 774 na-

104 837 119 881 a
156 815 263 878 tiones
278 813 383 878 eidem
397 811 509 876 Indiae
531 814 839 899 appropinquantem
862 813 912 876 in-

105 942 120 986 e
156 927 208 982 ter
224 940 304 1001 quas
320 926 352 982 et
367 917 592 1002 Agaronorum
606 919 722 980 transit
737 915 828 980 brevi
843 939 912 980 ere·
947 993 950 998 Ι

105 1045 120 1089 7
157 1043 248 1083 mum
270 1019 405 1083 Madian
426 1017 610 1084 Nabathaei
633 1020 752 1083 olitana
773 1020 887 1104 patria.

105 1149 121 1193 a
203 1120 355 1188 Secunda
374 1133 411 1188 ut
431 1124 511 1187 hora
525 1122 589 1187 diei
603 1123 776 1188 Persarum
791 1132 841 1186 est
855 1146 912 1207 pa·

106 1252 121 1296 s
157 1227 232 1307 tria
247 1227 281 1288 in
297 1247 360 1308 qua
375 1251 415 1292 ex
428 1225 560 1293 Oceano
576 1249 718 1291 summae
733 1226 834 1312 partis
845 1248 912 1289 me·

90 1354 121 1399 10
158 1329 303 1393 ridianae
314 1332 477 1414 pertinens
488 1331 645 1396 maximus
658 1331 747 1395 sinus
758 1330 912 1393 Persicus

90 1461 120 1505 11
159 1433 341 1497 ascribitur.

11 1609 12 1620 χ
90 1561 122 1608 12
204 1536 317 1600 Tertia
344 1545 381 1600 ut
413 1536 493 1600 hora
519 1535 583 1599 diei
611 1536 795 1600 Araborum
827 1558 912 1619 quae

89 1665 121 1710 1a
159 1648 304 1704 aromata
330 1640 453 1725 profert
483 1648 533 1704 est
562 1641 682 1724 patria,
715 1639 750 1702 in
779 1662 843 1723 qna
871 1662 912 1704 ex

11 1777 13 1836 ᾗ
90 1767 123 1812 14
160 1740 295 1807 Oceano
317 1742 492 1807 meridiano
514 1743 676 1826 pertinens
692 1743 850 1806 maximus
869 1744 913 1820 siff

11 1839 12 1892 i
90 1869 122 1914 15
158 1869 232 1927 mre,
263 1847 318 1929 qui
347 1856 488 1910 otmaro
511 1845 658 1911 Rubrum
687 1845 912 1928 conscribitur,

90 1976 122 2020 1⁶
159 1948 322 2014 Arabicus
346 1972 415 2014 esse
439 1949 566 2013 dicitur.

91 2079 121 2123 17
205 2050 331 2133 Quarta
352 2062 389 2116 ut
411 2052 490 2116 hora
505 2052 569 2116 diei
584 2052 781 2137 Aethiopum
797 2054 913 2118 Auxu-

91 2181 122 2226 18
159 2157 354 2220 mitanorum
377 2154 567 2221 Candacissi
590 2165 622 2220 et
637 2155 912 2242 Troglodytorum

91 2283 121 2328 19
160 2269 210 2322 est
231 2261 350 2344 patria3
379 2261 413 2323 in
436 2282 500 2343 qua
521 2261 612 2324 iuxta
634 2259 761 2323 deserta
784 2269 816 2323 et
842 2284 912 2324 are-

89 2386 121 2430 ro
158 2385 240 2427 nosa
266 2363 355 2445 loca,
385 2385 466 2447 quae
495 2385 560 2427 non
588 2363 684 2449 longe
713 2364 753 2428 ab
778 2361 912 2431 Oceano

89 2491 119 2536 21
158 2467 222 2531 sita
244 2477 330 2549 sunt,
358 2468 515 2531 maximus
542 2467 632 2531 lacus
654 2468 817 2532 invenitur
838 2467 912 2532 Nu·

17 2647 18 2650 ¹
88 2598 120 2642 ῃ
158 2571 273 2652 seclia,
301 2594 360 2655 per
389 2593 484 2654 quem
513 2571 628 2658 transit
656 2569 773 2635 fluvius
800 2570 910 2636 Nilus.

159 2713 173 2757 1
193 2713 235 2770 qui
249 2713 333 2757 om.A.
384 2713 398 2757 2
418 2712 589 2758 inuenieturA.
635 2715 772 2772 3persiA.
819 2715 833 2759 6
855 2728 912 2776 aga-

155 2783 277 2828 rienorum
288 2783 318 2834 A.
336 2782 346 2828 11
362 2782 442 2828 brevis
455 2782 519 2828 editi.
538 2783 547 2828 ΙΙ
563 2785 684 2830 heremum
693 2785 722 2841 A,
741 2798 834 2830 eremus
846 2785 909 2833 editi.

158 2853 173 2898 7
201 2851 310 2899 olithana
327 2853 356 2899 A.
411 2854 425 2898 9
453 2854 536 2912 partis]
554 2861 634 2912 patras
652 2855 681 2900 Α.
737 2856 768 2901 11
797 2856 912 2902 adscribi-

156 2930 197 2969 tur
212 2924 234 2968 A
253 2923 327 2969 Gron.
341 2925 364 2969 2.
439 2925 469 2968 17
498 2925 629 2984 ethyopum
646 2925 698 2982 AB,
718 2931 741 2970 et
757 2927 792 2971 rio
809 2927 909 2984 saepius.

156 2994 167 3040 ΙΙ
175 2999 217 3040 aut
228 2995 433 3041 suminatanorum
447 2995 495 3038 AB.
543 2997 574 3040 18
592 2995 804 3054 triegiiodytorum
815 2997 844 3054 A,
862 3001 911 3042 tro-

155 3064 320 3124 gliodytorum
331 3067 361 3112 B.
425 3067 457 3111 21
486 3066 705 3111 ootemaximnsB
718 3067 913 3112 eteditioddaat

157 3141 189 3182 et.
209 3136 218 3180 ΙΙ
234 3136 353 3194 Nusaolis]
367 3150 474 3196 nusap..
498 3135 553 3181 Tab.
626 3137 659 3181 22
682 3149 725 3194 per
740 3149 811 3195 quem
825 3139 912 3184 transit

157 3206 245 3254 fluvius
258 3205 337 3262 Nilus]
351 3221 477 3266 perquem
489 3205 560 3253 Nilus
574 3207 660 3253 transit
681 3206 737 3254 Tot.
