2210 3834
233 291 285 344 322
964 296 995 344 lv
1011 297 1038 344 4⁶

254 462 262 507 1
349 437 538 527 Completur
566 450 673 506 autem
695 441 767 526 ipsa
788 438 910 526 Spania
930 442 1038 508 habens

253 564 267 609 r
303 543 401 608 finem
430 543 471 609 ab
500 567 565 610 uno
592 545 692 610 latere
718 545 809 610 iuxta
830 545 906 610 litus
929 543 1040 612 Oceani

253 671 267 714 a
305 649 422 713 saltum
455 648 628 712 Pireneum
660 646 979 734 Spanoguasccniae‚
1013 659 1041 714 et

251 775 266 819 4
305 750 421 816 deinde
442 752 549 836 ipsum
572 752 690 816 saltum
711 752 884 816 Pireneum
907 750 1042 818 Guaecc·

251 881 265 925 c
303 855 393 938 niae,
414 856 505 920 iuxta
518 879 595 919 vero
617 879 704 920 mare
725 878 878 941 magnum
893 853 1043 922 Gallicum

252 982 266 1028 c
303 959 409 1044 ipsum
425 959 543 1024 saltum
556 959 716 1024 Pireneon
736 968 769 1022 et
783 959 979 1044 provinciam
991 957 1043 1025 Se-

251 1087 265 1131 7
302 1063 490 1148 ptimanam.
528 1061 569 1127 ab
585 1063 648 1126 alio
663 1086 741 1127 vero
755 1063 855 1128 latere
871 1062 967 1128 habet
979 1063 1044 1148 ipsa

251 1189 266 1234 8
303 1163 424 1252 Spania
456 1166 553 1231 finem
592 1167 777 1232 multotiens
810 1165 934 1232 dictum
965 1189 1044 1230 mare

251 1292 265 1337 c
303 1292 456 1356 magnum
485 1267 649 1335 Gallicum
677 1269 850 1336 Valeriaci.
907 1293 926 1336 a
955 1270 1043 1334 tertio

219 1396 265 1442 .1o
302 1395 440 1456 namque
468 1374 568 1438 latere
596 1372 694 1438 habet
721 1374 793 1459 ipsa
814 1371 936 1458 Spania
955 1374 1045 1438 finem

234 1498 264 1544 11
303 1472 472 1542 Oceanum
499 1500 595 1561 quem
624 1477 770 1562 superius
798 1475 938 1544 diximus
965 1478 1044 1544 occi-

234 1601 265 1646 12
302 1579 463 1645 dentelem
477 1581 664 1646 Britaniam.
699 1589 846 1664 aquario
861 1605 938 1647 vero
951 1583 1044 1648 latere

233 1706 264 1751 re
303 1683 403 1750 habet
431 1686 502 1770 ipsa
524 1681 645 1770 Spania
672 1683 769 1748 finem
791 1683 879 1768 quod
905 1687 1044 1773 superius

233 1810 265 1855 14
303 1786 442 1852 diximus
464 1789 582 1852 fretum
612 1787 667 1871 qui
689 1787 807 1853 dicitur
828 1786 1045 1878 Septemgadi-

233 1917 263 1964 15
300 1900 422 1957 tanum.
468 1893 523 1976 qui
544 1891 646 1956 fretus
670 1915 710 1956 ex
734 1891 846 1958 eodem
869 1895 950 1959 mari
970 1892 1045 1960 Gal·

232 2025 263 2070 1c
300 1996 364 2060 lico
386 1995 567 2083 ingreditur
591 1996 625 2060 in
647 1996 753 2081 ipsum
776 1993 944 2062 Oceanum
965 1999 1046 2062 occi-

232 2127 262 2173 17
301 2099 462 2164 dentalem
476 2099 643 2164 Britanici.
689 2099 776 2182 quod
797 2087 914 2166 fretum
937 2100 1046 2167 dividit

302 2362 314 2406 1
335 2358 488 2419 Completur]
505 2361 543 2406 iic
560 2358 745 2408 accediec'uido.
802 2361 816 2405 ὃ
840 2359 972 2420 Pyreneum
983 2361 1045 2407 editi.

300 2431 309 2476 ΙΙ
323 2445 398 2490 spano
418 2445 537 2491 guascone
555 2430 602 2488 Ac,
622 2427 702 2488 differt
720 2427 804 2478 Guidn.
860 2433 875 2476 4
894 2432 1001 2495 pirenum
1021 2429 1043 2488 0,

299 2502 432 2562 Pyreneum
449 2502 513 2548 editi.
569 2501 695 2560 igallicc
713 2501 743 2546 B.
802 2500 964 2560 6Pyrene0n
982 2503 1043 2559 editi,

299 2573 435 2633 pyroonB,
454 2587 544 2632 pyreon
563 2573 586 2619 C.
614 2571 623 2618 ΙΙ
648 2571 773 2630 provincia
785 2572 829 2616 ΑΒ
847 2572 911 2619 editi.
939 2573 948 2618 ΙΙ
973 2573 1045 2632 septi·

298 2657 370 2690 mana
387 2644 438 2699 AB,
458 2642 607 2702 Septimania
626 2643 690 2688 ccliii.
746 2644 760 2688 8
779 2642 923 2689 multociens
943 2641 966 2701 0,
985 2643 1044 2690 mul·

299 2715 371 2762 toties
388 2715 452 2760 editi.
508 2717 522 2760 9
546 2714 650 2774 galicnm
669 2714 699 2758 B.
727 2713 737 2759 ΙΙ
762 2713 875 2759 ualeriati·
891 2714 921 2772 B,
940 2714 1044 2760 Valeria·

298 2799 353 2832 eum
372 2786 455 2834 decido.
474 2785 623 2832 Balearicum
641 2784 705 2830 editi.
761 2786 791 2830 11
820 2787 903 2842 queml
922 2787 987 2844 quod
1004 2784 1045 2830 AB

298 2856 363 2902 editi.
419 2858 450 2902 12
473 2857 619 2903 brithaniam
633 2855 662 2912 Β,
682 2854 846 2901 Britannicum
859 2856 950 2902 editici
964 2855 1042 2902 Gnido.

298 2927 390 2985 livero]
409 2929 497 2974 etenim
515 2927 559 2972 AB
577 2927 642 2972 editi.
706 2927 737 2972 13
766 2925 860 2984 ispania
877 2927 906 2972 A.
934 2927 944 2973 {i
969 2927 1041 2986 quod]

298 3011 368 3056 quem
389 2998 412 3044 0.
482 2999 514 3044 14
542 2998 725 3057 septegaditam'r
743 2997 772 3041 B.
843 2998 873 3043 15
897 3003 956 3056 port
972 2999 1042 3044 fretus

241 3099 251 3117 0
297 3070 318 3114 Α
338 3069 392 3115 add.
411 3076 454 3117 eet.
483 3069 493 3114 ΙΙ
519 3071 624 3116 eiusdem
642 3068 685 3112 AB
704 3066 767 3112 editi.
825 3069 855 3113 16
878 3075 934 3125 poet
952 3067 1040 3116 Gallico

297 3139 452 3188 Reddat.
480 3139 490 3185 11
515 3141 605 3198 ipsum]
619 3138 766 3198 praedictum
776 3139 819 3183 AB
831 3138 896 3184 editi.
944 3137 1041 3184 171311'-

296 3211 419 3258 tannicum
439 3211 521 3259 curuo.
