2242 3838
50 308 136 353 Ivn
844 305 895 358 169
976 333 982 345 ·

76 478 90 519 1
138 477 234 517 mare
255 475 408 538 magnum
423 452 595 518 Ponticum
618 455 783 518 confinalis
805 477 896 538 prae-

75 579 93 622 2
140 556 253 620 diotae
281 556 442 620 Lazorum
470 559 608 642 patriae,
641 579 736 642 quam
763 557 896 622 Laziam

78 683 95 726 3
139 662 178 724 in
203 661 286 725 Asia
314 660 563 743 nominavimus,
591 662 696 746 patria
724 667 773 725 est
801 683 896 744 quam

78 787 97 830 4
139 765 264 828 transit
286 763 402 828 fluvius
425 764 480 847 qui
501 774 636 829 vocatur
657 763 792 845 sosius,
815 786 896 848 quae

81 888 97 933 5
139 866 268 932 dicitur
289 867 426 932 Absilia.

82 992 99 1037 s
179 970 212 1037 2.
258 971 342 1036 Item
371 971 461 1034 iuxta
481 971 584 1055 ipsam
610 972 747 1056 patriam
769 971 898 1055 ponitur

85 1097 100 1140 7
141 1076 254 1160 patria
277 1097 358 1158 quae
382 1073 499 1138 dieitur
520 1073 677 1160 Abasgia,
699 1075 733 1138 in
756 1095 820 1158 qua
841 1074 898 1138 ali-

84 1202 102 1246 s
146 1188 289 1262 quantas
311 1179 410 1242 fuisse
435 1177 581 1242 civitates
603 1178 751 1264 legimus,
775 1201 814 1241 ex
830 1178 899 1261 qui-

86 1306 105 1349 e
144 1281 211 1346 bus
235 1283 414 1365 aliquantas
435 1280 599 1345 nominare
614 1281 774 1362 volumus,
794 1280 829 1344 id
851 1289 900 1344 est

70 1411 107 1454 1o
301 1383 504 1468 Damiupolis

72 1514 108 1558 11
301 1485 478 1553 Sevastolis

1 1639 2 1681 p
74 1617 110 1662 12
301 1589 471 1677 Basgidas.

1 1745 2 1756 ,
77 1723 112 1768 13
196 1694 283 1758 Nam
319 1693 457 1778 desuper
485 1699 549 1759 iam
578 1695 682 1762 dietas
711 1697 830 1780 patrias
860 1693 902 1760 ad

1 1803 2 1876 t
80 1823 114 1868 14
152 1806 277 1883 partem
316 1799 597 1882 septentrionalem
637 1799 767 1884 ponitur
798 1798 903 1882 patria

1 1889 2 1982 ]
82 1926 114 1971 ιε
157 1923 237 1984 quae
254 1899 373 1964 dieitur
388 1901 576 1966 Alanorum.
621 1903 697 1965 item
711 1900 803 1964 iuxta
817 1923 902 1964 mare

1 1987 2 2082 J
83 2031 117 2076 16
157 2027 308 2091 magnum
336 2003 509 2068 Ponticum
534 2005 663 2089 ponitur
689 2005 794 2089 patria
823 2025 903 2087 quae

1 2129 2 2156 1
86 2135 118 2179 17
158 2107 273 2172 dicitur

89 2241 120 2285 18
306 2208 519 2296 Soymnorum

162 2375 175 2419 2
201 2373 310 2419 lazorum
329 2372 411 2432 (corr.
433 2373 554 2433 lazarum)
576 2371 600 2418 0.
631 2372 641 2418 11
666 2372 777 2429 Latiam]
795 2371 858 2418 lania
874 2373 904 2418 B.

163 2446 176 2490 3
203 2444 303 2504 asyaB.
332 2443 342 2490 ΙΙ
367 2445 554 2500 nominavimus]
572 2444 722 2489 nominamus
736 2441 760 2500 C,
780 2440 858 2504 of.38
877 2443 905 2498 2,-

163 2515 193 2560 68
211 2515 244 2560 20
257 2519 301 2559 eto.
333 2513 343 2560 u
368 2515 446 2573 patria
464 2518 512 2571 est]
531 2515 621 2574 patriag,
639 2514 673 2570 B,
703 2515 831 2574 petriad,
863 2527 905 2572 pa-

162 2585 229 2632 triam
249 2584 273 2643 0,
293 2587 355 2641 [ent]
374 2587 453 2644 patria
471 2585 535 2631 aditi.
563 2585 573 2630 u
598 2587 685 2644 quam]
705 2599 752 2643 qua
769 2585 797 2641 A,
816 2597 860 2628 om.
881 2581 905 2628 Ο.

164 2657 178 2702 4
196 2670 256 2716 qnae
275 2655 375 2713 dicitur]
396 2658 436 2714 qui
455 2657 542 2702 dieitur
559 2656 588 2712 Β,
610 2669 655 2701 om.
673 2655 702 2700 A.
767 2655 781 2700 t
800 2653 905 2709 Absilie]

164 2742 193 2787 ap
205 2728 233 2785 A,
253 2726 358 2786 absiliap
375 2727 405 2783 B,
425 2727 554 2785 absiliaper
573 2725 596 2783 O,
615 2725 728 2784 Absiliap
747 2724 811 2780 editi,
830 2723 907 2770 Asilio

164 2813 235 2857 supra
252 2797 287 2842 38
305 2797 330 2842 3.
386 2799 399 2842 6
421 2799 434 2842 7
454 2798 552 2856 ponitur
563 2798 643 2856 patria
660 2811 704 2842 om.
720 2793 743 2840 0.
799 2794 907 2840 71ης-

166 2871 204 2928 gia
221 2883 294 2928 sopra
313 2867 347 2913 38
366 2868 390 2912 3.
446 2869 460 2913 9
489 2869 612 2927 designare
632 2865 656 2913 0.
717 2866 747 2910 10
776 2865 907 2924 Damnipo-

164 2940 230 2996 lisA,
249 2939 401 2998 Lamiupulis
418 2939 439 2984 V
454 2939 496 2984 10.
546 2939 576 2984 11
597 2935 728 2985 sevastolis
746 2937 816 2981 etiam
829 2935 851 2981 V
865 2937 906 2992 10,

167 3009 326 3068 Savastopolis
345 3009 408 3065 editi,
440 3007 596 3068 Sevantopoli
616 3008 708 3052 7611.
772 3003 802 3052 1'2
830 3007 908 3066 balgi-

168 3081 208 3126 das
228 3079 251 3138 t',
272 3078 359 3140 „forte
375 3078 532 3138 Abasgidas“
556 3079 642 3125 Perat.
706 3078 737 3124 15
764 3077 907 3134 Alanoruml

168 3151 235 3197 Alani
261 3151 326 3207 Tau,
358 3143 482 3200 Ἀλαῦνοι
503 3149 575 3207 Ptol„
606 3143 716 3198 Ἀλανοὶ
735 3148 833 3209 Dionys.
857 3147 908 3194 olii.
942 3179 949 3190 .

171 3223 200 3268 18
216 3221 388 3282 Soymnoruml
399 3222 553 3281 soyninorum
560 3221 609 3277 AB,
620 3219 788 3278 sohymnorum
797 3233 874 3280 uturp.
885 3217 908 3276 0,

171 3291 325 3353 Soyninorum
334 3293 397 3349 editi,
408 3293 561 3356 Σκυμνῖται
569 3287 639 3347 Ptol„
650 3283 820 3355 Σκυμνιάδαι
828 3289 908 3348 Stept.
