2256 3836
92 502 102 544 1
275 477 389 566 Sapori

90 603 103 647 1
278 583 391 648 Raoha

90 707 102 751 1
276 685 374 753 Ceras

13 816 17 825 ·
90 781 102 852 1
275 791 401 857 Iuliade

10 885 12 904 ’
89 913 102 958 1
275 893 455 960 Samaohon

89 1019 100 1063 1
277 995 435 1063 Caesarea
456 999 575 1065 Pauias

88 1121 100 1164 1
275 1102 391 1166 Bioum

10 1199 12 1212 '
88 1223 100 1266 1
278 1203 387 1270 Carra.

88 1327 100 1371 1
173 1309 235 1373 Per
258 1333 353 1393 quam
380 1310 518 1395 patriam
545 1320 714 1376 transeunt
740 1312 878 1398 plurima

10 1465 11 1488 2
75 1432 100 1476 11
132 1412 270 1494 flumina,
292 1413 376 1477 inter
400 1421 506 1478 cetera
528 1436 610 1497 quae
633 1413 786 1482 dicuntur

10 1495 11 1542 ³
75 1535 98 1578 11
277 1515 425 1582 Iordanis
460 1524 492 1581 et

74 1637 99 1682 11
277 1617 461 1684 Ieromisus.
484 1617 764 1704 quaeludaeorum
774 1621 879 1706 patria

73 1743 98 1788 11
132 1725 225 1787 etiam
240 1722 363 1787 Arabia
379 1747 419 1787 ex
434 1747 498 1788 uno
514 1723 613 1787 latere
630 1722 852 1790 conscribitur.

73 1845 99 1889 11
162 1825 212 1894 15.
257 1825 380 1891 Iterum
409 1827 499 1891 iuxta
520 1825 744 1893 Hebraeorum
773 1827 878 1914 regio·

74 1949 98 1993 11
131 1954 202 1994 nem
223 1931 354 2015 ponitur
375 1931 479 2014 patria
494 1953 575 2015 quae
591 1929 709 2006 dioit'ur
719 1927 880 2017 8111101-

74 2050 99 2095 11
131 2034 232 2098 lensin
255 2030 460 2120 Comagenis.
504 2035 538 2098 in
568 2057 631 2118 quo
658 2032 754 2120 Syria
780 2035 880 2120 pluri-

74 2157 99 2202 11
132 2160 197 2202 mas
220 2137 321 2200 fuisse
345 2136 490 2202 civitates
519 2137 656 2225 legimus
678 2138 762 2201 inter
784 2160 881 2222 supra

10 2293 11 2304 ,
75 2260 100 2305 11
132 2241 267 2325 scriptos
283 2239 503 2324 philosophos,
520 2232 557 2305 ut
573 2242 618 2306 ait
633 2238 817 2324 Uestorius,
840 2263 880 2304 ex

74 2362 100 2407 11
132 2342 246 2426 quibus
270 2343 450 2430 aliquantas
473 2342 642 2430 designare
665 2345 824 2424 volumno,
846 2342 881 2408 id

74 2467 100 2513 11
133 2455 180 2512 est

75 2569 101 2614 11
282 2549 459 2614 Antioohia
478 2549 690 2616 famosissima

75 2672 102 2717 11
282 2651 389 2717 Padus

136 2878 149 2922 2
176 2877 271 2933 Rachel
294 2874 387 2936 formu
414 2875 504 2922 Rachel
530 2878 544 2922 1
564 2877 653 2936 Royum
678 2876 710 2922 30
735 2877 767 2921 29
795 2875 881 2922 Porcio.

136 2949 149 2993 5
168 2947 312 3002 Semachonl
321 2949 510 3012 Σαμαχωνῖτις
520 2953 554 2992 est
563 2947 766 3006 apudlooephum.
803 2948 817 2990 6
838 2945 883 2993 Ce-

135 3031 289 3078 sareapaueae
306 3017 361 3062 Ταῦ.
398 3020 412 3063 9
432 3017 535 3076 plurima
547 3023 670 3063 transeunt
688 3017 752 3062 odiu
796 3017 826 3062 12
846 3017 883 3062 Ie-

136 3091 248 3144 romisus]
269 3088 409 3134 Heromicas
432 3087 487 3134 Tob.
511 3088 520 3132 11
541 3089 581 3146 qui
600 3088 651 3133 ΑΒ.
677 3088 687 3132 ΙΙ
710 3088 813 3146 patrium
831 3088 882 3133 ΑΒ.

139 3161 271 3215 1111111111
298 3164 323 3204 et
341 3157 404 3204 editi.
452 3187 456 3192 -
478 3159 508 3204 14
537 3159 662 3207 ebreorum
679 3158 707 3203 B.
783 3160 813 3204 15
843 3156 883 3204 Ci-

137 3229 213 3276 lensiri
224 3231 253 3286 B,
281 3226 405 3276 Seleucia?
514 3231 544 3274 18
573 3229 689 3288 scriptos}
717 3229 795 3274 dictos
818 3229 882 3274 editi.

139 3301 168 3346 22
195 3300 286 3356 Padus]
306 3299 404 3360 Poguris
425 3298 497 3345 rau!
515 3298 576 3344 alios
597 3294 704 3358 Pagrae?
