2234 3842
77 356 154 392 ovmo
176 345 226 392 130
842 343 895 395 555

93 509 105 556 1
176 485 250 556 129.
295 486 398 553 Porro
420 488 462 553 ad
483 489 699 554 occidentales
724 489 805 554 fines
826 489 894 554 Eu-

91 613 106 658 a
141 615 239 678 ropac
255 589 406 658 Oceanus
428 590 574 658 Gallicus
598 603 658 674 est,
680 614 776 676 quam
797 592 893 658 modo

90 715 104 760 u
140 695 341 760 Francorum
356 695 500 781 possidet
514 696 690 783 generatio,
704 692 894 760 itemOcea·
959 749 961 754 .

90 818 106 863 4
140 821 202 864 nus
216 797 435 880 Britannicus,
456 800 683 894 Aquitanicus,
705 797 894 885 Spanogua-

90 924 103 970 a
140 902 329 984 sconiacus,
358 925 469 966 verum
492 903 588 966 eiiam
610 899 769 987 Spanicus
791 924 892 985 usque

89 1028 102 1074 o
140 1003 184 1068 ad
204 1005 345 1092 plagam,
367 1006 416 1070 uti
429 1006 640 1091 praemissum
661 1014 721 1087 est‚'
743 1003 894 1070 occiden-

88 1133 102 1177 7
139 1107 214 1172 talis
245 1105 400 1172 Gaditani
432 1109 550 1189 fretus',
583 1107 639 1172 ubi
668 1118 744 1173 suni
769 1109 893 1174 insulae

87 1236 102 1280 s
140 1210 339 1276 Fortunatae
362 1221 395 1277 ei
417 1211 473 1276 ubi
496 1221 546 1277 esi
567 1234 660 1276 mons
683 1211 838 1277 Tasiioia.

86 1339 101 1384 a
162 1312 238 1382 130.
283 1314 445 1401 Hispania
459 1315 557 1382 habet
571 1315 652 1382 fines
667 1315 708 1381 ab
719 1339 783 1382 uuo
793 1316 893 1380 latere

71 1443 102 1488 10
139 1417 231 1481 iuxta
247 1417 325 1483 litus
337 1417 461 1485 Oceani
479 1421 596 1486 saltum
611 1419 794 1502 Pheneum,
812 1417 893 1504 Spa

70 1545 100 1590 11
139 1523 409 1607 nosguasooniam
427 1546 504 1588 vero
527 1524 618 1588 iuxta
639 1545 726 1587 mare
741 1545 894 1610 magnum

69 1649 102 1696 12
142 1621 318 1708 Gallicum,
340 1626 509 1710 ipsumque
527 1650 567 1692 ex
582 1627 644 1692 alio
661 1625 760 1690 latere
775 1626 894 1691 saltum

69 1756 101 1802 13
140 1726 307 1792 Pirineum
330 1738 362 1793 et
385 1729 584 1814 provinciam
599 1727 829 1814 Septimanam.
875 1752 895 1792 a

68 1863 103 1910 14
141 1831 285 1897 secundo
316 1854 442 1916 quoque
471 1831 571 1896 latere
599 1832 698 1898 habet
722 1832 804 1898 fines
832 1831 894 1896 Hi·

69 1965 102 2013 15
140 1935 254 2021 spania
276 1957 372 2021 saepe
394 1934 517 1999 dictum
538 1959 625 2000 mare
648 1934 813 2002 Gallicum
826 1935 894 2001 Va·

69 2071 102 2117 16
139 2039 303 2103 leriacum.
349 2063 369 2103 a
390 2040 485 2104 tertio
511 2048 619 2104 autem
647 2037 682 2103 id
704 2048 754 2105 esi
775 2039 816 2104 ab
839 2060 894 2104 oc-

68 2165 102 2212 17
140 2141 294 2207 cideniali
318 2141 407 2226 quod
420 2138 639 2228 praediximus
657 2165 744 2206 mare
760 2139 893 2208 Oceano

69 2270 102 2316 18
139 2245 374 2311 Britannicum.
430 2269 450 2311 a
483 2254 597 2331 quomo
631 2245 760 2310 demum
794 2245 894 2310 latere

177 2488 269 2536 codices
288 2487 338 2550 bfo.
392 2487 425 2550 cf.
437 2488 494 2535 Rau.
509 2487 560 2534 321
580 2487 613 2534 14
626 2501 660 2548 aq.
681 2494 704 2534 ct
722 2488 774 2535 322
793 2491 856 2550 laq.

141 2621 155 2664 1
188 2617 278 2676 Porro]
295 2618 359 2664 fon'd
371 2615 397 2677 f.
426 2616 436 2662 ΙΙ
467 2615 617 2664 occidentale
636 2615 657 2662 b.
713 2619 727 2663 2
750 2616 853 2678 {gallicus
871 2617 891 2664 b.

138 2689 150 2736 ΙΙ
164 2690 246 2747 quam]
264 2687 355 2734 scilicet
364 2685 469 2734 Galliam
485 2693 512 2733 at
530 2688 595 2747 apud
604 2688 770 2746 Ravennatem,
789 2703 860 2747 quem
871 2704 892 2735 o.

141 2761 156 2806 8
182 2759 336 2819 pharicorum
358 2773 379 2804 o.
453 2759 469 2804 4
496 2759 672 2805 brittanniacus
693 2759 715 2805 b.
798 2760 812 2806 5
840 2774 895 2819 spa·

139 2827 259 2886 nicensi,
278 2829 467 2889 hispaniacusv.
522 2830 536 2876 6
561 2835 590 2876 ut
606 2845 628 2876 v.
656 2829 666 2875 ii
692 2829 839 2876 occidentale
858 2827 893 2890 bs.

142 2903 157 2947 7
178 2900 262 2960 gaditi
274 2897 301 2960 f.
349 2899 364 2944 8
387 2898 477 2946 testula
494 2913 516 2944 v.
566 2902 580 2946 9
600 2901 694 2960 ispania
706 2898 732 2961 f,
751 2901 853 2960 yspania
871 2900 894 2945 b.

144 2972 176 3018 10
197 2970 267 3016 littus
276 2984 298 3016 o.
317 2969 327 3016 ΙΙ
346 2971 722 3030 pyrrheneumo,pyrreneumb.
761 2972 838 3018 1011
857 2971 895 3016 hi·

142 3054 232 3101 spanos
244 3041 399 3100 guasconiam
411 3055 433 3086 v.
483 3041 576 3087 12-14
594 3040 800 3087 saltum-latera
817 3055 861 3087 om.
872 3056 894 3087 a.

145 3111 177 3158 14
195 3111 299 3170 yspania
316 3108 343 3171 f.
412 3109 442 3157 15
470 3110 615 3157 valeniacum
626 3109 653 3171 f.
718 3112 749 3157 16
776 3112 850 3157 tercio
867 3109 894 3172 f.

143 3182 154 3228 ΙΙ
169 3182 195 3227 id
213 3183 262 3238 est]
289 3181 353 3227 idem
373 3179 400 3241 s.
465 3182 496 3227 17
524 3182 669 3242 predicimus
688 3179 715 3242 s.
777 3183 808 3228 18
835 3182 895 3229 brit·

143 3250 291 3308 unicani,
317 3251 461 3299 britanicum
473 3248 500 3311 f.
