2242 3838
58 353 92 399 iv
110 353 136 398 29
813 347 865 400 247

77 521 89 564 1
123 497 191 560 liter
211 496 389 582 praefatam
417 502 632 580 exposuerunt
657 499 794 580 patriam
814 496 866 560 vel

76 622 91 666 a
124 599 261 666 eiusdem
276 600 398 685 patriae
415 598 559 663 civitates
575 621 639 662 non
655 608 867 664 consonantes

75 725 90 770 s
123 705 373 784 nominaverunt,
395 701 454 767 sed
468 702 550 766 alius
564 700 647 765 dixit
660 702 764 784 aliter,
785 702 867 767 alius

74 827 90 870 4
123 829 195 872 vero
210 808 274 872 alio
289 805 396 871 modo.
434 804 493 870 sed
507 828 567 891 ego
586 805 763 870 secundum
776 827 869 890 prae-

75 929 88 974 t
123 913 317 990 nominatum
333 906 516 974 Castorium
530 908 728 994 praedictam
742 908 869 974 Italiam

74 1034 88 1077 o
123 1015 172 1078 vel
193 1015 261 1080 eius
285 1015 431 1079 civitates
454 1013 625 1077 nominavi.

74 1136 87 1180 7
166 1115 257 1198 Quae
280 1117 376 1182 Italia
398 1117 497 1182 habet
524 1117 608 1181 infra
630 1138 665 1182 se
686 1115 869 1202 provincias

73 1239 87 1282 s
123 1221 350 1287 famosissimas
374 1220 486 1286 decem
509 1229 542 1284 et
564 1229 649 1302 octo,
675 1219 707 1284 id
732 1229 782 1284 est
802 1219 870 1283 Li-

74 1343 87 1386 c
123 1325 251 1410 guria,
266 1324 712 1410 provinciaVenetiarum,
727 1322 868 1388 istria:

59 1444 86 1490 ιο
122 1451 194 1492 nam
216 1429 333 1492 iterum
347 1451 405 1513 per
418 1427 616 1514 imperialem
630 1435 783 1492 estratam
796 1449 870 1512 pro·

59 1547 86 1590 11
123 1533 206 1597 xima
235 1533 472 1617 suprascriptae
505 1531 689 1616 provinciae
717 1530 871 1617 Liguriae

59 1648 86 1693 12
123 1634 341 1721 Traspadinac
372 1642 422 1700 est
448 1635 615 1720 provincia
644 1656 725 1718 quae
753 1633 871 1699 dicitur

60 1753 87 1798 ia
121 1739 285 1820 nmilia,
314 1748 347 1802 et
375 1737 418 1804 ad
445 1761 532 1802 mare
553 1761 707 1825 magnum
728 1735 872 1802 Adriati-

3 1881 4 1920 g
60 1857 88 1900 14
124 1865 196 1910 cum
224 1851 275 1908 eet
301 1842 468 1928 provincia
495 1842 693 1907 Flaminia
718 1839 871 1906 Raven-

60 1959 87 2004 15
122 1946 249 2024 natis;
292 1946 369 2010 item
403 1947 638 2012 Annonaria
669 1946 872 2034 Pentapo-

4 2107 5 2116 ,
60 2063 87 2107 16
121 2051 247 2115 lensis
278 2060 328 2114 est
357 2073 454 2136 super
474 2052 578 2136 ipsam
600 2048 872 2134 Pentapolim,

122 2275 136 2319 t
157 2279 317 2320 consonanter
336 2272 400 2318 editi.
455 2273 471 2318 4
489 2275 558 2328 vero]
572 2272 636 2317 dixit
649 2272 692 2316 AB
709 2271 774 2317 editi.
793 2270 803 2316 ΙΙ
820 2283 873 2329 pre-

121 2346 197 2392 fatum
218 2342 242 2390 0.
298 2344 312 2389 5
337 2343 470 2388 kastorium
489 2341 513 2389 C.
569 2344 582 2388 9
606 2343 742 2402 provincias
760 2341 789 2398 A,
817 2355 872 2400 pro·

121 2416 210 2461 vintias
228 2415 259 2459 B.
295 2414 304 2458 11
339 2414 506 2470 venetiarum]
530 2413 588 2460 liaeo
612 2413 713 2459 Gatdcui
735 2412 816 2459 eudem
839 2417 873 2457 eat

122 2499 182 2546 quae
203 2485 297 2530 Histria
320 2498 375 2530 cum
392 2484 514 2530 Neustria.
542 2484 552 2530 t
576 2485 662 2530 nistria
679 2485 712 2541 A,
739 2484 833 2543 hystria
851 2481 873 2526 Β

122 2557 186 2614 editi,
205 2555 282 2615 ystria
295 2553 319 2613 O,
338 2555 431 2602 Histria
442 2569 495 2601 cum
507 2555 620 2601 Naustria
633 2555 716 2602 Gatdo.
773 2555 804 2600 10
832 2565 875 2610 per

122 2626 272 2687 imperialem
295 2631 409 2672 sanatam
429 2626 565 2672 nonhabet
584 2625 667 2672 Gnido.
694 2626 704 2671 lt
729 2630 829 2671 stratam
849 2619 873 2670 0.

125 2699 154 2744 12
174 2696 368 2743 Trans-Padinae
380 2695 445 2742 editi.
485 2698 515 2744 13
534 2696 637 2742 Aemilia
649 2696 714 2742 editi.
757 2696 788 2740 14
806 2694 874 2740 fiam-

122 2769 198 2814 minia
214 2766 263 2814 Ac.
291 2768 301 2812 ΙΙ
326 2767 446 2813 ravenatis
463 2768 493 2812 B.
551 2768 581 2813 15
610 2767 736 2814 annotarit
754 2766 803 2823 AB,
832 2778 875 2810 an-

122 2840 210 2886 nonica
229 2835 266 2893 Gt,
285 2838 399 2884 annotina
418 2835 448 2884 Gl
467 2844 490 2884 et
507 2838 571 2896 apud
587 2838 735 2884 Mauortium
753 2836 782 2881 de
801 2836 875 2881 Romu

121 2912 216 2968 prisca,
243 2908 411 2954 Romoe1523
434 2909 483 2954 dto.
505 2906 557 2968 fol.
568 2910 631 2965 111,
661 2908 792 2954 annonaria
809 2907 874 2966 regio

126 2979 256 3026 Trebellian
268 2979 348 3026 Pollio
367 2979 395 3025 de
411 2980 501 3026 Tetrico
519 2982 618 3037 sectore,
637 2979 751 3024 Picenum
769 2991 875 3024 annona·

123 3052 184 3097 rium
202 3051 297 3097 Notitio
315 3050 379 3110 diya.
408 3050 417 3096 ΙΙ
442 3050 639 3109 penthapolensis
660 3047 684 3095 0.
758 3051 789 3095 16
817 3062 875 3108 pen·

124 3122 242 3180 thapolim
263 3120 291 3178 03
316 3123 337 3166 ei
355 3122 432 3179 ipsam
451 3121 600 3179 Pentapolim
624 3121 649 3166 id
672 3125 709 3166 cst
726 3119 875 3179 provinciam

124 3192 276 3238 castellorum
295 3193 411 3238 diversum
430 3207 478 3238 ecre
495 3197 587 3238 statuar
610 3191 639 3236 ab
657 3190 798 3237 Annonaria
814 3189 876 3234 Pen-

125 3263 256 3320 tapolensi‚
279 3277 388 3308 nomem
410 3263 539 3310 octodecim
557 3264 737 3320 provinciarum
758 3266 876 3307 amntem

128 3333 201 3380 Guidc
220 3340 298 3380 tamen
317 3331 402 3392 differt.
