2242 3838
225 329 278 382 ἓ

245 504 261 1382 Ψωηαοὶῥωκαμ

231 1441 260 1486 ιο

231 1545 260 1590 11

231 1647 278 1694 12·

232 1753 262 1798 1a

232 1857 263 1921 r4

232 1959 262 2005 15

232 2063 262 2108 re

446 473 591 542 Oooellio

444 580 542 644 Fines

446 681 615 748 Staurinia.

341 785 422 852 Item
446 788 536 850 iuxta
557 785 660 870 Alpes
684 793 734 848 esi
756 784 870 850 civitas
893 806 976 868 quae
1000 783 1049 848 di-

298 891 381 954 uitur

448 990 560 1074 Graia,
582 994 659 1058 item

449 1095 667 1178 Arebribium‚
689 1096 766 1160 item

447 1200 598 1287 Augusta
618 1197 760 1264 Predula

446 1303 616 1368 Bitrieium

446 1406 595 1492 Eporeia.

342 1509 425 1574 Item
457 1511 548 1576 iuxta
580 1533 678 1597 supra
706 1511 859 1595 scriptam
886 1509 1051 1572 civitatem

299 1635 381 1696 quae
409 1612 528 1678 dieitur
554 1612 714 1681 Staurinis
748 1622 799 1678 est
824 1613 939 1678 civitas
966 1634 1051 1697 quae

300 1717 478 1803 appellatur

449 1819 616 1902 Quadrata
637 1821 856 1906 municipium,
877 1821 957 1886 item

448 1925 648 2012 Rigomagus

449 2026 576 2094 Cosiiaa

303 2255 314 2298 l
344 2251 434 2298 ocoelio
455 2251 479 2309 0,
507 2250 618 2298 ocellium
638 2250 665 2308 G,
697 2249 797 2296 Ocelum
817 2249 912 2306 Caesar,
935 2241 1052 2300 Ὦκελον

300 2322 396 2370 Strabo.
469 2323 482 2367 2
511 2322 593 2378 Fines]
611 2323 646 2367 aio
664 2322 734 2366 etiam
751 2322 815 2378 Ana,
843 2320 882 2366 Ad
899 2321 972 2367 Fines
995 2323 1051 2368 Aut.

301 2392 350 2439 alio
374 2391 434 2449 loeo,
462 2398 485 2438 et
505 2393 608 2448 Hieros„
636 2391 736 2438 Finibus
763 2391 819 2438 Tab.
891 2393 906 2438 3
938 2391 1052 2439 Taurinis

301 2467 356 2510 Aoi.
375 2468 398 2507 ei
414 2463 518 2521 Hieros„
544 2462 655 2522 Augusta
671 2462 829 2508 Taurinorum
856 2462 911 2508 Tae.
973 2466 989 2509 4
1017 2463 1052 2509 al-

300 2548 355 2593 pem
375 2531 399 2579 0.
466 2535 480 2579 6
509 2532 595 2589 Graia}
613 2533 642 2578 In
660 2532 713 2591 alpe
731 2533 799 2591 graia
820 2532 876 2578 Tub.
950 2535 963 2579 7
993 2533 1052 2580 Are-

300 2605 405 2650 bribium
428 2606 498 2650 etiam
517 2603 604 2662 Gaido,
631 2602 784 2649 Arebridium
802 2603 870 2661 editi,
897 2602 1052 2664 Arebrigium

299 2677 355 2722 Aoi.
375 2681 397 2720 et
413 2675 468 2721 Tui.
528 2677 543 2721 8
570 2673 681 2733 Augusta
698 2674 810 2732 preduria
829 2673 912 2731 Gaiae,
940 2674 1053 2740 Augusta

300 2746 423 2792 Praetoria
440 2745 497 2791 editi
516 2760 567 2792 oum
583 2746 638 2790 Aoi.
656 2743 711 2790 Tae.
730 2743 793 2790 aliie.
866 2746 880 2790 9
909 2744 1051 2802 Bitrioiuml

300 2819 335 2862 aie
355 2815 441 2874 Gurdo,
469 2817 591 2862 briticium
614 2816 642 2872 A,
671 2815 798 2862 bretioium
824 2813 848 2873 0,
876 2816 998 2863 buricium
1022 2818 1051 2873 B,

300 2887 429 2934 Vitricium
455 2889 522 2944 Arra,
559 2886 652 2933 Virioio
684 2886 739 2932 Tab.
819 2888 849 2932 10
880 2889 997 2947 eporegia
1025 2887 1051 2944 G,

301 2957 396 3016 Eporea
414 2958 478 3016 editi,
501 2958 623 3016 Eporedia
634 2957 689 3002 Aac.
703 2963 725 3002 et
737 2957 792 3002 Ταὸ.
848 2958 878 3004 11
897 2957 961 3004 Iiem
973 2959 1052 3015 iuxta]

302 3029 359 3074 item
372 3027 497 3086 ABCGW»,
521 3029 591 3074 iuxta
604 3027 642 3073 θ’.
699 3028 731 3073 14
750 3026 872 3081 Quadrata
882 3029 1051 3088 municipium]

303 3099 419 3156 quadrata
430 3100 538 3146 munium
550 3097 597 3156 AO,
626 3099 743 3156 quadrata
754 3113 860 3144 mumum
872 3099 895 3144 B
907 3099 973 3156 editi,
994 3113 1052 3158 qua-

303 3169 436 3215 drataniam
450 3170 477 3226 G,
500 3169 627 3224 Quadratis
640 3170 718 3228 (iaetu
726 3168 846 3227 Taurinis]
859 3170 914 3214 Aut.
924 3171 1051 3216 eiHieroo.

306 3239 335 3284 15
355 3239 488 3300 Rigomago
507 3242 562 3286 Aut.
575 3240 703 3286 etIIieroa.
759 3240 790 3284 16
810 3240 889 3285 oociaa
909 3239 936 3296 G,
956 3239 1051 3287 Cottiae

303 3310 358 3354 Aut.
377 3316 400 3354 et
417 3311 520 3368 Hieros„
548 3309 632 3357 Cutius
654 3309 708 3355 Tab.
