2210 3834
35 353 65 400 1v
83 355 114 400 ar
799 343 853 407 193
911 398 913 402 .

52 525 63 568 1
98 501 182 564 inter
210 496 413 564 Carent-anos
448 509 480 565 et
507 501 650 584 Italiam,
684 504 768 566 inter
795 525 851 587 pa-

50 628 65 672 2
97 603 191 667 triam
214 600 369 666 Carnium
399 613 431 669 et
452 603 595 683 Italiam3
626 604 712 689 quod
740 605 852 692 iugum

52 734 65 779 3
98 703 253 770 Carnium
266 705 433 771 dicebatur
444 707 484 772 ab
497 709 636 792 antiquis
647 709 742 794 Alpis
755 707 849 773 Iulia.

52 838 66 881 4
98 811 153 894 qui
180 817 308 874 montes
337 809 485 874 finientes
513 811 617 895 ipsam
638 811 767 876 Italiam
796 810 851 876 de-

1 929 2 998 }
51 939 64 986 5
98 912 258 978 scendunt
287 936 327 976 ex
353 922 444 998 parte
474 913 516 978 ad
537 937 624 978 mare
646 913 851 980 Adriaticum

51 1043 64 1087 6
97 1039 162 1081 non
184 1017 282 1102 longe
310 1040 330 1080 a
358 1017 488 1098 civitate
510 1017 700 1082 Tharsatico
722 1019 851 1103 provin-

51 1147 64 1191 7
99 1121 167 1184 ciae
189 1119 366 1185 Liburniae
393 1121 428 1184 in
453 1121 525 1185 loco
548 1121 603 1205 qui
625 1119 744 1185 dicitur
765 1121 851 1186 Pha

1 1235 2 1300 g
48 1253 64 1308 Ι3
96 1247 165 1288 naa.
204 1223 387 1288 aseeundo
410 1232 518 1288 autem
538 1225 637 1288 latere
659 1222 759 1288 habet
780 1224 851 1309 ipsa

1 1314 2 1404 i
51 1356 64 1400 9
98 1326 194 1391 Italia
220 1327 318 1390 finem
352 1325 553 1411 praedictum
580 1350 668 1392 mare
697 1350 850 1414 magnum

1 1419 2 1466 ἕ
37 1459 64 1504 10
96 1429 311 1512 Adriaticum,
335 1431 425 1494 cuius
446 1430 539 1494 litore
554 1432 685 1516 ponitur
698 1431 770 1516 ipsa
784 1429 851 1495 Ita·

1 1529 2 1622 }
38 1563 64 1608 11
96 1535 150 1616 lia,
173 1556 278 1618 usque
301 1531 342 1596 ad
358 1534 549 1618 completam
567 1535 713 1620 superius
729 1533 850 1598 dictam

38 1665 64 1710 12
96 1637 295 1723 provinciam
318 1635 455 1700 latriam.
494 1661 513 1700 a
534 1639 629 1702 tertio
651 1661 727 1702 vero
749 1639 849 1704 latere

37 1767 64 1812 18
97 1741 195 1806 habet
223 1741 295 1825 ipsa
316 1739 412 1804 Italia
439 1741 536 1804 finem
562 1743 741 1825 praefatum
763 1765 851 1807 mare

37 1872 65 1916 14
98 1843 273 1925 Gallicum,
296 1844 387 1908 cuiue
409 1845 500 1908 iuxta
520 1844 615 1908 litora
635 1847 766 1930 ponitur
779 1847 851 1932 ipsa

1 2015 2 2056 1
37 1971 64 2017 15
97 1949 209 2029 Italia,
238 1969 341 2030 usque
371 1945 413 2010 ad
435 1969 533 2030 supra
555 1949 690 2033 scriptos
713 1959 850 2032 mentae,

1 2059 2 2136 ἦ
37 2073 64 2119 lc
98 2053 153 2136 qui
177 2048 344 2132 dividunt,
366 2057 403 2113 ut
425 2048 582 2132 diximus,
610 2053 695 2116 inter
708 2052 851 2140 Viginti·

39 2175 64 2222 17
97 2155 186 2218 milia
202 2161 235 2218 et
258 2153 421 2218 civitatem
434 2153 573 2218 Niceam
593 2155 851 2240 provinciae-Se-

1 2259 2 2342 i
39 2281 64 2326 18
97 2259 268 2343 ptimanae.
321 2279 340 2319 a
368 2265 482 2339 quarto
515 2281 591 2322 vero
625 2259 724 2350 latere
753 2258 852 2324 habet

1 2473 3 2478 ‚
101 2423 112 2466 1
141 2421 204 2466 inter
224 2419 295 2476 (ante
316 2415 479 2476 Garontanos)
506 2434 550 2464 om.
569 2421 597 2465 Α.
625 2421 635 2466 11
660 2425 803 2468 ccrontanos
821 2423 849 2478 A,

1 2481 2 2530 i
99 2496 240 2536 carantanos
255 2488 282 2546 G,
302 2503 363 2534 nunc
375 2489 509 2535 Ktmthen.
528 2489 537 2534 ΙΙ
555 2486 592 2547 ct]
606 2496 631 2536 et
643 2497 667 2538 et
678 2493 708 2538 Β.
757 2493 772 2537 2
793 2489 851 2538 Oar-

97 2562 170 2618 nium}
181 2565 324 2606 carnuntum
338 2559 370 2616 G,-
382 2574 443 2605 nunc
453 2559 536 2606 Krain.
556 2560 565 2606 ΙΙ
582 2567 606 2606 et
616 2563 696 2608 om.B.
716 2562 725 2608 ΙΙ
741 2561 848 2608 italiaB.

97 2629 107 2677 11
119 2633 191 2690 quod]
211 2633 246 2676 sic
260 2629 287 2688 G,
313 2645 358 2688 que
375 2629 443 2688 ABG,
469 2643 528 2688 quae
548 2630 612 2676 editi.
632 2632 641 2677 ΙΙ
658 2634 754 2692 iugum}
773 2635 807 2678 sic
821 2633 848 2690 G,

98 2702 166 2761 iugus
185 2700 258 2758 ABG,
287 2701 345 2760 iuga
362 2701 427 2746 editi.
499 2702 513 2746 3
542 2701 669 2759 Carnium]
697 2703 795 2749 carnich
820 2703 848 2749 (ι’.

98 2772 107 2818 ΙΙ
120 2773 246 2818 dicebatur
268 2785 313 2818 om.
337 2771 359 2816 Β
383 2771 447 2817 editi.
477 2770 487 2816 ΙΙ
517 2773 547 2818 ab
571 2787 615 2818 om.
641 2771 665 2820 O.
694 2773 703 2819 ΙΙ
729 2774 848 2832 antiquis]

99 2845 231 2902 antiquitus
251 2841 295 2888 BC
310 2841 374 2887 editi.
430 2842 445 2886 4
470 2842 523 2900 qui]
543 2857 614 2900 quam
631 2843 681 2890 Bc.
737 2845 750 2888 6
774 2849 850 2891 tarsu-

98 2915 145 2960 ticc
163 2915 186 2959 B
205 2913 270 2969 editi,
295 2911 328 2973 ef.
342 2912 392 2958 224
413 2911 437 2957 8.
502 2914 515 2957 7
543 2913 649 2970 Phanas}
669 2915 746 2960 Funus
766 2914 849 2972 Gnido,

97 2998 156 3030 nnuc
174 2984 284 3029 Fianona
306 2985 331 3028 ia
348 2985 401 3028 sinu
418 2981 552 3030 maratica.
632 2987 661 3030 11
691 2985 722 3031 ad
745 2999 789 3031 om.
809 2983 853 3032 Bc

99 3055 160 3100 editi.
189 3054 199 3099 ΙΙ
226 3053 321 3112 οορΙεῐῑ
333 3055 363 3099 Β.
414 3055 444 3100 12
464 3055 563 3112 ystriam
575 3053 625 3100 BC.
675 3057 706 3100 14
724 3055 849 3114 littoraA,

98 3125 177 3170 littore
187 3125 217 3182 Β,
235 3124 307 3170 litore
325 3125 389 3172 editt.
446 3123 476 3170 15
496 3125 528 3170 ad
546 3139 590 3170 om.
603 3125 625 3170 B
641 3125 706 3172 aditi.
763 3129 794 3172 16
813 3128 850 3173 vi·

100 3195 255 3255 gintimilium
275 3194 302 3240 G.
376 3197 407 3242 17
436 3195 534 3240 civitate
552 3195 575 3241 B
594 3195 657 3242 editi.
685 3196 695 3242 ΙΙ
719 3197 789 3243 nicea
806 3197 849 3244 AB

101 3266 163 3312 editi.
190 3265 200 3312 1
227 3264 388 3324 septimaniae
407 3265 480 3312 Gran.
494 3267 519 3311 1.
539 3267 554 3312 2
575 3265 658 3314 Gnido.
719 3270 750 3314 18
777 3273 848 3326 vero}

101 3351 200 3396 namque
219 3337 264 3382 AB
282 3337 346 3396 editi,
365 3343 445 3384 autem
465 3336 492 3393 G,
512 3337 610 3398 reliquie
627 3342 731 3386 mutatis.
771 3351 774 3358 ⁴
