2210 3834
245 318 298 372 314

269 489 278 532 l

267 591 280 635 2

266 696 280 740 3

265 798 279 842 4

266 900 279 944 b

266 1005 279 1048 6

266 1107 278 1150 's'

265 1211 279 1254 8

265 1315 278 1357 9

250 1417 279 1460 10

248 1518 278 1563 11

249 1625 279 1669 12

249 1728 279 1771 13

249 1832 280 1874 11

248 1933 278 1976 11)

248 2035 279 2079 16

249 2138 279 2181 17

249 2241 279 2284 18

249 2342 279 2386 19

248 2444 280 2490 20

469 463 593 530 Solaria

469 568 608 632 Morum.

361 672 442 734 Item
468 672 502 734 in
530 672 672 756 spatiosa
700 680 786 736 terra
814 670 915 755 ipsius
943 669 1060 755 patriae

318 772 456 860 Spaniae
480 784 529 838 est
552 775 665 838 civitas
689 796 771 857 quae
794 772 913 838 dioitur

467 878 618 964 Augusta
639 877 777 958 Merita,
807 877 899 942 ouius
924 877 1060 962 proxima

318 991 367 1046 est
390 982 503 1045 civitas
527 1003 607 1064 quae
631 979 749 1044 dicitur

466 1083 645 1161 Evandria3
668 1085 785 1150 iterum

465 1186 589 1271 Bipone

467 1291 624 1354 Aturnea.

360 1393 444 1456 Item
473 1394 563 1457 iuxta
592 1415 690 1478 supra
723 1394 877 1479 scriptam
906 1395 1058 1458 civitatem

317 1497 501 1582 Augustam
523 1495 676 1561 Meritam
705 1506 755 1562 est
778 1498 891 1562 civitas
915 1520 992 1582 quae
1014 1495 1058 1560 di-

318 1600 402 1663 oitur

466 1703 646 1790 Pergulana

467 1803 660 1872 Contributa

466 1909 608 1974 Lacunis

468 2010 588 2077 Ourioa

468 2116 578 2200 Hilipa

469 2218 593 2284 Italica.

362 2321 444 2385 Item
467 2347 531 2387 non
546 2324 641 2410 longo
657 2347 676 2387 a
690 2325 833 2408 praefata
855 2324 984 2388 civitate
998 2323 1060 2386 Au-

321 2437 417 2510 gusta
439 2425 560 2490 Merita
582 2436 632 2492 est
655 2427 769 2491 civitas
791 2449 873 2510 quae
897 2425 1012 2492 dieitur

320 2588 331 2631 1
353 2585 457 2643 Solaria}
478 2584 599 2658 Σαλαρία
617 2587 698 2634 Ρ1οἶ.1
752 2588 767 2634 1
790 2587 899 2646 Morum]
918 2589 956 2634 Ad
974 2589 1059 2635 Morum

316 2656 389 2702 Aut?
454 2660 468 2704 11
496 2661 607 2717 spaciosa
628 2658 651 2704 θ.
679 2660 689 2706 ΙΙ
714 2661 790 2715 terra]
815 2664 866 2704 tera
884 2661 913 2705 A.
942 2660 951 2705 ΙΙ
976 2658 1058 2718 patriae

316 2742 361 2772 om.
379 2729 402 2772 B
420 2728 484 2774 editi.
540 2729 554 2776 5
582 2729 693 2788 Augusta
709 2730 808 2785 Merita]
827 2723 979 2798 Αὐγοῦστα
993 2724 1059 2796 Ἡμέ-

333 2813 378 2848 ιτα
396 2799 486 2844 Strabo
504 2799 576 2858 Prot,
596 2801 704 2846 Emerita
721 2801 776 2846 Ant.
796 2805 820 2846 et
837 2799 888 2846 alii.
945 2805 959 2849 7
979 2795 1059 2851 Εὔαν

315 2816 376 2938 §plo
403 2868 475 2927 Prot,
512 2871 666 2916 Evandriana
696 2871 750 2926 Ant.
841 2873 856 2918 8
885 2871 982 2930 Dipone
1010 2873 1057 2917 Ant.

317 2944 331 2986 9
360 2933 448 2988 atrinea
466 2942 495 2996 B,
514 2941 627 2988 Atunnea
644 2941 708 2998 editi,
735 2939 1059 2990 Α(111(1111111111111111111111..1

320 3013 349 3056 10
370 3013 456 3058 iterum
472 3010 496 3057 0.
536 3014 564 3058 11
586 3011 921 3071 augustameritam'Bediti.
967 3015 998 3060 11
1015 3026 1059 3072 par-

317 3081 401 3140 gelana
423 3083 468 3128 AB
490 3083 554 3139 editi,
583 3083 712 3130 Perceiana
733 3085 788 3128 Aut.
863 3084 894 3128 14
923 3083 1059 3132 Contributa

317 3155 385 3197 atium
404 3155 458 3198 Aut.
473 3158 495 3198 et
507 3152 570 3198 Ptol.
629 3155 659 3200 16
680 3153 845 3212 0111111111,
864 3148 992 3224 Koripoov
1003 3151 1057 3200 Par.

319 3223 349 3267 17
368 3223 460 3282 Hilipal
480 3224 542 3283 Ilipa
559 3225 622 3280 Ant,
640 3217 723 3273 ’1111111
734 3217 835 3293 μεγάλη
848 3224 911 3270 Ptol.
970 3228 1000 3274 18
1017 3225 1058 3270 Ita-

316 3291 362 3337 lica
381 3295 451 3338 etiam
463 3295 517 3340 Ant.
532 3301 554 3340 et
566 3294 629 3340 Ptol.
