2314 3840
101 1303 117 1345 1
170 1275 251 1344 11.
287 1252 364 1348 Sub
388 1275 441 1340 dei
464 1277 519 1360 qui
533 1277 672 1340 militant
686 1278 830 1363 imperio,
853 1279 921 1344 eius

102 1407 120 1452 2
160 1383 273 1468 legem
295 1381 465 1446 observare
492 1379 595 1443 iniant
624 1389 656 1443 et
683 1379 796 1445 beatae
825 1391 921 1466 atque

104 1507 121 1552 a
161 1485 313 1548 infinitae
336 1483 456 1570 gloriae
478 1483 600 1568 perfrui
622 1481 708 1546 bono
727 1483 920 1568 desiderant,

105 1613 123 1657 4
164 1589 196 1652 si
219 1581 295 1652 sine
312 1587 386 1651 dolo
414 1587 530 1650 mentis
554 1593 586 1650 et
609 1585 730 1670 absque
758 1588 921 1674 hypocrisi

109 1717 123 1760 5
167 1691 337 1754 caritatem
351 1691 505 1776 proximis
522 1689 589 1753 suis
605 1689 805 1774 impendunt,
828 1701 865 1755 ut
880 1691 920 1756 ab

36 1833 39 1844 ·
109 1821 125 1865 5
166 1795 257 1878 ipso,
287 1795 343 1877 qui
371 1795 531 1858 caelorum
558 1789 703 1878 possidet
732 1803 860 1879 sceptra
889 1805 932 1865 et.

110 1915 126 1959 7
166 1906 326 1960 terrarum
349 1897 492 1988 continet
506 1921 616 1983 regna,
639 1897 837 1980 frequentius
855 1921 921 1962 am·

112 2016 128 2060 8
168 2009 348 2081 monentur,
371 2009 403 2063 et
425 2001 525 2086 gratis
549 2000 625 2064 dare
647 1990 794 2089 omnibus
810 2011 921 2086 peten-

112 2119 128 2163 s
167 2101 274 2184 tibus,
303 2103 387 2167 sicut
411 2113 604 2188 acceperunt
633 2104 673 2169 ab
704 2105 775 2189 ipso
805 2103 865 2168 ‹leo
889 2115 921 2169 et

94 2221 129 2266 10
168 2205 327 2270 salvatore
338 2215 460 2288 nostro,
475 2207 695 2272 vehementius
708 2216 920 2295 praestantur.

95 2325 128 2369 11
213 2307 321 2390 Quam
343 2308 384 2373 ob
407 2331 490 2391 rem,
519 2334 538 2374 o
561 2311 605 2374 mi
627 2312 725 2382 frater
747 2311 920 2393 carissime,

95 2429 128 2474 12
158 2422 339 2498 ‚postquam
354 2411 463 2476 divina
483 2415 676 2499 aspiratione
690 2413 854 2502 praeditus
869 2437 920 2478 me

94 2535 129 2580 13
168 2515 376 2601 compelleres
399 2525 436 2580 ut
459 2539 519 2604 ego
548 2541 606 2603 per
627 2517 796 2604 pallidines
820 2517 921 2585 subti-

166 2732 228 2777 Ante
245 2743 337 2776 vasam
357 2733 369 2776 1
389 2732 411 2776 A
429 2731 487 2777 laec
505 2731 576 2778 habet
593 2732 622 2778 ln
633 2734 680 2778 hoc
698 2747 796 2793 corpore
815 2735 920 2780 contine·

165 2806 207 2847 tur
218 2802 426 2861 chosmographya
437 2808 462 2848 et
476 2816 628 2849 romanorum
640 2805 739 2862 ystoria.
789 2805 803 2850 2
828 2805 921 2851 inhiant

166 2871 232 2917 editi.
287 2873 303 2917 4
325 2873 431 2931 ypocrisi
442 2874 471 2931 A,
489 2875 618 2932 hypocresi
628 2875 658 2919 B.
714 2875 728 2920 5
752 2875 880 2921 karitatem
891 2877 919 2921 A.

168 2943 183 2988 6
211 2941 317 2987 celorum
334 2943 357 2988 B
375 2942 413 2988 tio
431 2950 454 2989 et
470 2943 546 3004 infra.
560 2945 570 2990 ΙΙ
582 2950 663 3004 septra
679 2946 710 2990 B.
769 2947 783 2990 7
811 2946 921 3004 frequen·

167 3013 219 3058 cius
236 3013 266 3058 B.
291 3013 301 3058 ΙΙ
321 3014 479 3060 admonentur
496 3015 559 3060 editi.
616 3017 646 3061 11
676 3015 743 3060 omi
759 3015 833 3062 frater
850 3017 921 3064 caris-

167 3084 235 3140 sime]
254 3080 289 3142 cf.
308 3083 320 3128 1
338 3083 379 3141 13,
398 3084 439 3130 ubi
457 3099 488 3142 „o
501 3086 635 3131 amicc“‘et
652 3085 803 3142 „omenes
823 3087 832 3132 t
849 3088 920 3134 caris·

168 3154 234 3210 sime}
247 3150 345 3200 affice.
391 3156 422 3200 12
441 3156 559 3215 posquam
567 3157 597 3202 B.
616 3157 626 3201 ll
643 3156 805 3216 adspiratione
815 3155 887 3204 Gran.
895 3157 919 3202 2

168 3223 178 3268 tl
189 3238 226 3270 me
245 3225 392 3286 conpelleres
409 3227 440 3284 B,
468 3226 622 3286 compelleres
640 3241 678 3272 me
695 3228 728 3290 a
