2314 3840
253 279 289 332 20
1030 273 1076 321 Is

275 446 287 492 1
324 423 428 509 ipsam
446 430 608 507 ponuntur
623 419 819 484 Armeniam.
864 441 945 502 quae
961 419 1079 484 Arme-

273 549 288 594 1
325 527 452 592 niorum
481 535 566 590 terra
594 523 740 588 infertilis
771 545 841 588 ossa
870 520 1078 604 adscribitur,
1146 590 1149 618 A,

274 653 288 698 s
325 631 422 694 immo
451 629 554 714 magis
581 649 657 712 prae
686 624 833 690 omnibus
867 627 1078 692 orientalibus

273 755 289 799 4
325 732 511 819 regionibus
527 731 645 818 frigida
660 751 729 794 esse
742 729 944 821 olarifieatun
961 740 993 794 et
1004 730 1078 814 plus

273 855 287 903 a
325 844 496 902 montuosa
511 835 614 921 magis
630 857 726 916 quam
740 832 836 917 plana
850 834 1013 896 asseritur.
1045 842 1079 896 et

200 1003 201 1006 ,
274 959 288 1004 6
325 938 383 1004 ubi
407 949 457 1004 est
478 939 570 1004 loeus
594 937 785 1023 epulationis
809 957 847 1000 ae
869 937 956 1000 omni
978 934 1078 1000 odore

273 1062 287 1106 1
326 1043 494 1108 suavitatis
515 1042 642 1127 plenus,
669 1041 765 1106 sicuti
792 1049 918 1125 oportet
947 1037 1078 1108 eredere

273 1165 288 1211 8
326 1146 414 1230 quod
437 1145 644 1212 suavissimus
668 1145 784 1210 existat
798 1141 989 1228 paradisus?
1019 1165 1078 1208 nos

274 1268 288 1312 a
325 1248 477 1314 videlieet
501 1247 671 1327 oredimus,
693 1248 778 1312 siout
793 1256 909 1313 saneta
919 1247 1080 1331 scriptura
1150 1233 1151 1242 ἵ

257 1370 288 1414 10
327 1353 482 1434 eontinet,
505 1349 592 1436 quod
614 1374 654 1414 ox
676 1350 773 1416 fluvio
796 1352 851 1436 qui
873 1349 913 1415 de
928 1349 1079 1435 paradiso
1150 1395 1151 1398 κ

257 1475 288 1522 11
327 1454 492 1541 egreditur
515 1465 651 1538 quatuor
673 1455 821 1536 flumina,
849 1453 883 1518 id
911 1464 960 1518 est
984 1453 1079 1519 Geon
1150 1459 1153 1494 '¹

258 1576 289 1622 11
326 1558 450 1624 Phison
466 1559 582 1645 ¹Tigris
611 1567 644 1622 et
671 1557 871 1642 Euphrates,
898 1557 1079 1644 procedunt
1146 1621 1149 1628 Δ

258 1679 289 1726 la
326 1685 384 1747 per
414 1663 530 1728 omnia.
579 1671 611 1726 et
639 1661 782 1747 plerique
811 1663 947 1748 gentiles
976 1662 1079 1747 philo·
1152 1677 1154 1718 ’1

258 1781 291 1826 11
327 1766 420 1851 sophi
444 1767 478 1830 in
501 1766 568 1830 suis
592 1765 845 1850 expositionibus
868 1765 1078 1846 decreverunt

258 1883 289 1929 15
328 1868 416 1952 quod
440 1868 480 1932 de
503 1867 629 1934 duobus
652 1868 836 1934 fluminibus
863 1869 902 1934 de
925 1869 1080 1934 Transin-
1152 1865 1155 1938 ’Ῑ

259 1986 290 2032 16
328 1972 443 2038 dorum
465 1973 569 2058 patria
592 1995 714 2053 eremo,
743 1972 877 2042 deloco
905 1974 1080 2060 investiga·
1153 1969 1155 2022 ἷ

259 2091 290 2136 17
327 2075 396 2158 bili,
418 2100 476 2162 per
492 2075 634 2142 diversas
650 2075 828 2161 procedunt
849 2078 978 2162 patrias.
1026 2079 1080 2161 qui

259 2195 291 2241 18
316 2180 391 2263 'ipsi
405 2179 513 2265 Tigris
537 2190 569 2244 et
589 2180 770 2265 Euphrates
790 2180 993 2246 invisibiliter
1016 2181 1081 2247 dis·
1154 2261 1155 2264 Ἴ

259 2296 290 2342 19
329 2292 497 2366 cerpentes
519 2283 596 2348 hine
617 2283 692 2348 inde
714 2294 832 2348 terram
853 2285 1082 2369 perimmensa
1154 2303 1155 2352 Ξ

258 2399 291 2445 20
328 2384 537 2450 miliariorum
552 2387 657 2471 spatia
669 2388 760 2452 iuxta
770 2389 942 2468 Armeniae
955 2399 1081 2455 montes

259 2502 291 2548 11
328 2488 590 2568 manifestantur3
615 2491 670 2573 qui
691 2490 895 2575 postmodum
910 2492 1081 2578 implentes

259 2607 291 2654 22
330 2592 493 2676 copiosam
516 2601 635 2658 terram
651 2593 870 2680 Assyriorum,
892 2595 1083 2682 Mesopota-

329 2736 344 2783 5
373 2738 450 2796 magis
462 2752 507 2782 om.
520 2738 584 2783 editi.
620 2741 663 2784 '⁴9
691 2740 815 2798 scriptura]
836 2740 1084 2788 Genea210-14.

330 2809 362 2852 11
391 2813 445 2852 ante
464 2809 599 2866 quatuorB
612 2809 667 2855 odoi.
687 2816 750 2856 sunt.
804 2812 835 2856 12
863 2813 957 2871 physon
975 2813 998 2857 B
1017 2815 1083 2860 editi.

328 2877 340 2924 ΙΙ
352 2879 427 2937 tygris
436 2878 466 2924 B.
486 2879 495 2924 l
515 2879 617 2926 eufrates
626 2882 655 2928 A.
674 2881 683 2925 ΙΙ
702 2882 834 2940 procedant
844 2883 866 2927 Β
876 2883 944 2938 editu
962 2881 996 2943 cf.
1006 2899 1028 2930 o.
1039 2887 1083 2931 17.

330 2949 363 2994 16
386 2949 530 3007 patrima,
549 2943 648 3010 patrias*
659 2951 722 2996 editi.
741 2953 750 2997 il
770 2966 874 2998 eremum
885 2953 915 2999 B.
972 2956 1003 3001 17
1028 2971 1085 3015 pro-

170 3001 172 3005 ’
274 3053 275 3056 ,
329 3020 456 3066 cedantl.
476 3021 485 3065 1
506 3021 555 3080 qun
569 3023 667 3080 quodB
680 3023 744 3068 earo:
795 3025 826 3070 rs
851 3024 1085 3083 1111111111111-

329 3095 451 3148 sarpsntes
467 3091 554 3138 Porclt
640 3094 670 3140 19
699 3095 803 3140 terrea.
822 3094 831 3139 ΙΙ
850 3095 1018 3155 1111111110εῶ,
1038 3099 1085 3144 im·
1140 3157 1141 3164 ἵ

328 3174 465 3208 mensorum
482 3163 545 3210 editi.
619 3165 650 3210 11
679 3165 889 3212 manifestatori.
915 3216 917 3218 ,
947 3168 995 3212 12
1023 3170 1084 3216 assi-

329 3231 419 3278 riorum
437 3234 464 3278 A.
