2314 3840
233 326 263 366 Vl
563 328 713 362 Plunsa'rro.
733 349 736 356 ·

275 467 315 533 In
338 492 402 552 qua
424 468 625 534 conficienda
653 462 771 533 aurilio
801 465 894 532 nobis
915 467 1049 532 fuerunt

234 584 261 646 A
301 581 403 646 codex
425 581 622 662 VaticanuS,
655 579 798 646 Urbinas
822 579 898 660 961,
927 577 1051 643 saeculi

297 712 364 774 rur,
393 691 673 774 membranaceus,
702 691 787 756 foliis
816 689 891 754 latis
913 689 1051 774 pollices

300 803 404 869 Rhen.
419 803 450 884 6,
464 803 565 866 lineas
579 804 610 884 7,
626 803 699 867 altis
711 802 843 888 pollices
857 801 888 882 9,
903 800 1004 864 lineas
1018 799 1049 867 6.

298 915 435 1002 paginae
451 922 526 979 sunt
540 912 721 998 bipertitae,
743 935 895 977 versuum
913 911 971 988 29;
995 932 1051 975 co·
1148 893 1152 900 ⁴

296 1027 477 1098 lumnarum
492 1023 629 1090 latitudo
645 1034 696 1090 est
705 1024 889 1109 polliouml
905 1031 937 1086 et
950 1023 1052 1086 linea·

299 1161 370 1200 rum
394 1138 425 1218 2,
447 1133 584 1199 altitudo
607 1135 760 1221 pollicum
784 1136 813 1201 6.
864 1134 1052 1199 inscribitur

301 1247 364 1329 „In
393 1248 455 1312 hoc
484 1269 616 1332 corpore
641 1247 823 1311 continetur
846 1245 1052 1332 chosmogra-

298 1359 386 1444 phya
423 1367 454 1422 et
490 1380 694 1422 romanorum
731 1357 883 1442 ystoria.“
938 1358 1051 1421 insunt

299 1477 426 1556 praeter
454 1467 677 1534 Ravennatem
709 1468 863 1534 nonnulla
890 1467 1051 1554 Eutropii,

297 1581 392 1646 Pauli
419 1580 576 1661 Diaconi,
607 1579 757 1658 aliorum
792 1580 890 1646 series
920 1579 1051 1664 pontifi·
1140 1622 1144 1630 ·

303 1715 377 1758 cum
398 1691 618 1757 Romanorum
640 1700 701 1756 etc.

276 1803 384 1868 Huius
414 1803 534 1868 codicis
562 1803 667 1868 varias
695 1803 851 1868 lectiones
877 1804 911 1868 in
933 1803 1051 1889 viginti

234 1914 359 1982 duabus
374 1915 501 2001 paginis
518 1914 715 1999 conscriptas
730 1916 826 1980 tertio
839 1896 1051 2003 Geographo·

233 2051 306 2093 rum
314 2026 469 2092 volumini
479 2026 615 2092 inseruit
631 2025 769 2092 Ioannes
784 2025 912 2092 Hudso.
943 2026 1050 2092 denuo

234 2161 308 2206 cum
323 2136 462 2203 editione
476 2136 587 2202 Iacobi
602 2135 759 2202 Gronovii
773 2148 921 2204 accurate
937 2147 1051 2204 contu-

233 2251 272 2316 lit
292 2249 455 2315 Henricus
470 2249 584 2314 Brunn
606 2271 690 2314 anno
715 2247 815 2330 18503
840 2251 931 2316 ouius
951 2249 1050 2315 colla-

233 2363 330 2428 tionis
346 2383 440 2426 usum
459 2358 553 2425 uobis
567 2359 716 2446 praebuit
730 2361 909 2427 Mauricius
924 2361 1049 2446 Haupt.
1147 2357 1150 2366 ’

234 2472 461 2554 dubitationes
484 2494 566 2555 quae
581 2471 757 2554 restabant,
780 2495 864 2537 anno
883 2472 968 2541 1854
982 2471 1051 2538 Ro·

233 2607 304 2650 mae
327 2583 481 2671 degentes
496 2584 558 2670 ipsi
572 2584 719 2668 inspecto
735 2581 846 2648 codice
862 2585 1026 2650 solvimus.

276 2695 310 2761 Is
335 2694 437 2760 codex
459 2694 560 2760 nitide
583 2695 722 2780 scriptus
745 2704 778 2760 et
800 2697 919 2782 optime
942 2719 1050 2761 serva·

233 2816 287 2872 tus
316 2805 506 2892 compendia
538 2806 693 2871 nonnulla
724 2807 903 2872 litterarum
933 2807 1048 2886 habet;

235 2919 269 2982 in
299 2917 529 3005 orthographia
557 2918 620 2984 sibi
648 2941 713 2984 non
742 2928 885 2984 constat:
919 2917 1051 2985 exhibet

235 3030 321 3094 enim
348 3029 460 3094 affrica
482 3039 514 3094 et
542 3029 659 3112 africa,
687 3031 815 3117 egiptus
838 3040 871 3096 et
899 3040 1049 3118 egyptus,

234 3139 403 3227 paradisus
427 3150 459 3205 et
481 3141 678 3228 paradysus,
705 3143 783 3208 litus
807 3153 839 3208 et
860 3143 970 3226 littus,
992 3141 1049 3208 ad-

234 3251 386 3317 scribitur
409 3261 440 3317 et
463 3252 646 3336 ascribitur,
667 3254 731 3321 alia
752 3253 946 3322 huiusmodi.
