<?xml version="1.0" encoding="UTF-8"?>
<!DOCTYPE html PUBLIC "-//W3C//DTD XHTML 1.0 Transitional//EN"
    "http://www.w3.org/TR/xhtml1/DTD/xhtml1-transitional.dtd">
<html xmlns="http://www.w3.org/1999/xhtml" xml:lang="en" lang="en">
 <head>
  <title>
</title>
<meta http-equiv="Content-Type" content="text/html;charset=utf-8" />
  <meta name='ocr-system' content='tesseract 3.04.00' />
  <meta name='ocr-capabilities' content='ocr_page ocr_carea ocr_par ocr_line ocrx_word'/>
</head>
<body>
  <div class='ocr_page' id='page_1' title='image "./ravennatisanony02ravegoog/ravennatisanony02ravegoog_0371.png"; bbox 0 0 2210 3834; ppageno 0'>
   <div class='ocr_carea' id='block_1_1' title="bbox 258 461 274 1024">
    <p class='ocr_par' dir='ltr' id='par_1_1' title="bbox 258 461 274 1024">
     <span class='ocr_line' id='line_1_1' title="bbox 259 461 272 507; baseline 0 0"><span class='ocrx_word' id='word_1_1' title='bbox 259 461 272 507; x_wconf 94' lang='lat'>1</span> 
     </span>
     <span class='ocr_line' id='line_1_2' title="bbox 259 564 273 609; baseline 0 0"><span class='ocrx_word' id='word_1_2' title='bbox 259 564 273 609; x_wconf 85' lang='grc'><em>2</em></span> 
     </span>
     <span class='ocr_line' id='line_1_3' title="bbox 259 667 273 712; baseline 0 0"><span class='ocrx_word' id='word_1_3' title='bbox 259 667 273 712; x_wconf 86' lang='grc'><em>3</em></span> 
     </span>
     <span class='ocr_line' id='line_1_4' title="bbox 258 770 274 814; baseline 0 0"><span class='ocrx_word' id='word_1_4' title='bbox 258 770 274 814; x_wconf 77' lang='lat'>4</span> 
     </span>
     <span class='ocr_line' id='line_1_5' title="bbox 259 876 273 923; baseline 0 0"><span class='ocrx_word' id='word_1_5' title='bbox 259 876 273 923; x_wconf 76' lang='grc' dir='ltr'>δ</span> 
     </span>
     <span class='ocr_line' id='line_1_6' title="bbox 258 979 272 1024; baseline 0 0"><span class='ocrx_word' id='word_1_6' title='bbox 258 979 272 1024; x_wconf 91' lang='grc'>6</span> 
     </span>
    </p>
   </div>
   <div class='ocr_carea' id='block_1_2' title="bbox 258 1085 272 1129">
    <p class='ocr_par' dir='ltr' id='par_1_2' title="bbox 258 1085 272 1129">
     <span class='ocr_line' id='line_1_7' title="bbox 258 1085 272 1129; baseline 0 0"><span class='ocrx_word' id='word_1_7' title='bbox 258 1085 272 1129; x_wconf 90' lang='grc'><strong>7</strong></span> 
     </span>
    </p>
   </div>
   <div class='ocr_carea' id='block_1_3' title="bbox 257 1187 273 1334">
    <p class='ocr_par' dir='ltr' id='par_1_3' title="bbox 257 1187 273 1334">
     <span class='ocr_line' id='line_1_8' title="bbox 257 1187 273 1234; baseline 0 0"><span class='ocrx_word' id='word_1_8' title='bbox 257 1187 273 1234; x_wconf 79' lang='grc'><strong>8</strong></span> 
     </span>
     <span class='ocr_line' id='line_1_9' title="bbox 259 1289 273 1334; baseline 0 0"><span class='ocrx_word' id='word_1_9' title='bbox 259 1289 273 1334; x_wconf 87' lang='grc'><strong>9</strong></span> 
     </span>
    </p>
   </div>
   <div class='ocr_carea' id='block_1_4' title="bbox 240 1393 273 1750">
    <p class='ocr_par' dir='ltr' id='par_1_4' title="bbox 240 1393 273 1750">
     <span class='ocr_line' id='line_1_10' title="bbox 242 1393 273 1438; baseline 0.032 -1"><span class='ocrx_word' id='word_1_10' title='bbox 242 1393 273 1438; x_wconf 91' lang='grc'>10</span> 
     </span>
     <span class='ocr_line' id='line_1_11' title="bbox 242 1497 272 1542; baseline 0.067 -2"><span class='ocrx_word' id='word_1_11' title='bbox 242 1497 272 1542; x_wconf 86' lang='grc'>11</span> 
     </span>
     <span class='ocr_line' id='line_1_12' title="bbox 241 1599 272 1643; baseline 0 0"><span class='ocrx_word' id='word_1_12' title='bbox 241 1599 272 1643; x_wconf 89' lang='grc'>12</span> 
     </span>
     <span class='ocr_line' id='line_1_13' title="bbox 240 1705 272 1750; baseline 0.031 -1"><span class='ocrx_word' id='word_1_13' title='bbox 240 1705 272 1750; x_wconf 86' lang='grc'><em>13</em></span> 
     </span>
    </p>
   </div>
   <div class='ocr_carea' id='block_1_5' title="bbox 307 439 1057 1746">
    <p class='ocr_par' dir='ltr' id='par_1_5' title="bbox 459 439 744 1144">
     <span class='ocr_line' id='line_1_14' title="bbox 459 439 700 525; baseline 0 -21"><span class='ocrx_word' id='word_1_14' title='bbox 459 439 544 504; x_wconf 77' lang='lat' dir='ltr'>Vico</span> <span class='ocrx_word' id='word_1_15' title='bbox 566 440 700 525; x_wconf 84' lang='lat' dir='ltr'>virginis</span> 
     </span>
     <span class='ocr_line' id='line_1_15' title="bbox 460 541 703 609; baseline 0 -3"><span class='ocrx_word' id='word_1_16' title='bbox 460 543 551 608; x_wconf 87' lang='lat' dir='ltr'>Batia</span> <span class='ocrx_word' id='word_1_17' title='bbox 574 541 703 609; x_wconf 85' lang='lat' dir='ltr'>Sabatia</span> 
     </span>
     <span class='ocr_line' id='line_1_16' title="bbox 459 645 654 732; baseline 0.01 -23"><span class='ocrx_word' id='word_1_18' title='bbox 459 645 654 732; x_wconf 82' lang='lat' dir='ltr'>Albinganis</span> 
     </span>
     <span class='ocr_line' id='line_1_17' title="bbox 459 748 744 828; baseline -0.007 -14"><span class='ocrx_word' id='word_1_19' title='bbox 459 748 552 814; x_wconf 81' lang='lat' dir='ltr'>Luco</span> <span class='ocrx_word' id='word_1_20' title='bbox 573 749 744 828; x_wconf 82' lang='lat' dir='ltr'>Varmanis</span> 
     </span>
     <span class='ocr_line' id='line_1_18' title="bbox 461 851 723 919; baseline -0.004 -2"><span class='ocrx_word' id='word_1_21' title='bbox 461 851 561 919; x_wconf 83' lang='lat' dir='ltr'>Costa</span> <span class='ocrx_word' id='word_1_22' title='bbox 580 853 723 918; x_wconf 86' lang='lat' dir='ltr'>Ballenis</span> 
     </span>
     <span class='ocr_line' id='line_1_19' title="bbox 459 957 681 1021; baseline -0.005 -1"><span class='ocrx_word' id='word_1_23' title='bbox 459 957 681 1021; x_wconf 84' lang='lat' dir='ltr'>Avinetimilio</span> 
     </span>
     <span class='ocr_line' id='line_1_20' title="bbox 459 1061 737 1144; baseline -0.007 -20"><span class='ocrx_word' id='word_1_24' title='bbox 459 1061 544 1144; x_wconf 86' lang='lat' dir='ltr'>Alpe</span> <span class='ocrx_word' id='word_1_25' title='bbox 571 1061 737 1124; x_wconf 87' lang='lat' dir='ltr'>maritana.</span> 
     </span>
    </p>

    <p class='ocr_par' dir='ltr' id='par_1_6' title="bbox 307 1161 1057 1746">
     <span class='ocr_line' id='line_1_21' title="bbox 352 1161 1057 1248; baseline -0.003 -20"><span class='ocrx_word' id='word_1_26' title='bbox 352 1164 386 1228; x_wconf 91' lang='lat' dir='ltr'>A</span> <span class='ocrx_word' id='word_1_27' title='bbox 401 1165 530 1228; x_wconf 79' lang='lat' dir='ltr'>civitate</span> <span class='ocrx_word' id='word_1_28' title='bbox 546 1185 627 1246; x_wconf 84' lang='lat' dir='ltr'>quae</span> <span class='ocrx_word' id='word_1_29' title='bbox 643 1161 761 1226; x_wconf 84' lang='lat' dir='ltr'>dicitur</span> <span class='ocrx_word' id='word_1_30' title='bbox 771 1161 877 1248; x_wconf 85' lang='lat' dir='ltr'>Regio</span> <span class='ocrx_word' id='word_1_31' title='bbox 889 1161 963 1226; x_wconf 90' lang='lat' dir='ltr'>Iulii</span> <span class='ocrx_word' id='word_1_32' title='bbox 974 1163 1057 1226; x_wconf 84' lang='lat' dir='ltr'>circa</span> 
     </span>
     <span class='ocr_line' id='line_1_22' title="bbox 309 1263 1054 1352; baseline 0 -21"><span class='ocrx_word' id='word_1_33' title='bbox 309 1267 380 1352; x_wconf 90' lang='lat' dir='ltr'>ipsa</span> <span class='ocrx_word' id='word_1_34' title='bbox 403 1267 498 1331; x_wconf 91' lang='lat' dir='ltr'>litora</span> <span class='ocrx_word' id='word_1_35' title='bbox 513 1266 610 1329; x_wconf 88' lang='lat' dir='ltr'>maris</span> <span class='ocrx_word' id='word_1_36' title='bbox 626 1287 727 1348; x_wconf 85' lang='lat' dir='ltr'>usque</span> <span class='ocrx_word' id='word_1_37' title='bbox 743 1263 785 1328; x_wconf 87' lang='lat' dir='ltr'>ad</span> <span class='ocrx_word' id='word_1_38' title='bbox 801 1266 963 1331; x_wconf 81' lang='lat' dir='ltr'>civitatem</span> <span class='ocrx_word' id='word_1_39' title='bbox 977 1289 1054 1350; x_wconf 85' lang='lat' dir='ltr'>quae</span> 
     </span>
     <span class='ocr_line' id='line_1_23' title="bbox 308 1368 1054 1454; baseline -0.001 -20"><span class='ocrx_word' id='word_1_40' title='bbox 308 1379 443 1434; x_wconf 85' lang='lat' dir='ltr'>vocatur</span> <span class='ocrx_word' id='word_1_41' title='bbox 465 1370 550 1454; x_wconf 83' lang='lat' dir='ltr'>Alpe</span> <span class='ocrx_word' id='word_1_42' title='bbox 578 1369 756 1450; x_wconf 87' lang='lat' dir='ltr'>maritima,</span> <span class='ocrx_word' id='word_1_43' title='bbox 788 1368 844 1433; x_wconf 90' lang='lat' dir='ltr'>ubi</span> <span class='ocrx_word' id='word_1_44' title='bbox 873 1371 962 1435; x_wconf 86' lang='lat' dir='ltr'>iuxta</span> <span class='ocrx_word' id='word_1_45' title='bbox 981 1370 1054 1434; x_wconf 89' lang='lat' dir='ltr'>litus</span> 
     </span>
     <span class='ocr_line' id='line_1_24' title="bbox 309 1471 1054 1557; baseline -0.003 -19"><span class='ocrx_word' id='word_1_46' title='bbox 309 1475 406 1539; x_wconf 87' lang='lat' dir='ltr'>maris</span> <span class='ocrx_word' id='word_1_47' title='bbox 430 1471 551 1538; x_wconf 83' lang='lat' dir='ltr'>Gallici</span> <span class='ocrx_word' id='word_1_48' title='bbox 583 1473 761 1557; x_wconf 82' lang='lat' dir='ltr'>completur</span> <span class='ocrx_word' id='word_1_49' title='bbox 782 1471 889 1554; x_wconf 90' lang='lat' dir='ltr'>Italia,</span> <span class='ocrx_word' id='word_1_50' title='bbox 919 1483 991 1538; x_wconf 85' lang='lat' dir='ltr'>sunt</span> <span class='ocrx_word' id='word_1_51' title='bbox 1010 1473 1054 1536; x_wconf 82' lang='lat' dir='ltr'>ai·</span> 
     </span>
     <span class='ocr_line' id='line_1_25' title="bbox 308 1576 1054 1661; baseline -0.001 -21"><span class='ocrx_word' id='word_1_52' title='bbox 308 1577 425 1642; x_wconf 73' lang='lat' dir='ltr'>vitatas</span> <span class='ocrx_word' id='word_1_53' title='bbox 449 1586 578 1640; x_wconf 79' lang='lat' dir='ltr'>centum</span> <span class='ocrx_word' id='word_1_54' title='bbox 606 1576 756 1640; x_wconf 80' lang='lat' dir='ltr'>undecim</span> <span class='ocrx_word' id='word_1_55' title='bbox 785 1585 818 1640; x_wconf 84' lang='lat' dir='ltr'>et</span> <span class='ocrx_word' id='word_1_56' title='bbox 847 1584 1054 1661; x_wconf 74' lang='lat' dir='ltr'>supputantur</span> 
     </span>
     <span class='ocr_line' id='line_1_26' title="bbox 307 1681 560 1746; baseline -0.008 -1"><span class='ocrx_word' id='word_1_57' title='bbox 307 1682 443 1746; x_wconf 85' lang='lat' dir='ltr'>miliaria</span> <span class='ocrx_word' id='word_1_58' title='bbox 464 1681 560 1744; x_wconf 84' lang='lat' dir='ltr'>milla.</span> 
     </span>
    </p>
   </div>
   <div class='ocr_carea' id='block_1_6' title="bbox 307 1935 1051 3119">
    <p class='ocr_par' dir='ltr' id='par_1_7' title="bbox 307 1935 1051 3119">
     <span class='ocr_line' id='line_1_27' title="bbox 311 1935 1050 1996; baseline -0.003 -14"><span class='ocrx_word' id='word_1_59' title='bbox 311 1939 322 1982; x_wconf 96' lang='lat'>1</span> <span class='ocrx_word' id='word_1_60' title='bbox 352 1937 413 1983; x_wconf 82' lang='lat' dir='ltr'>Vico</span> <span class='ocrx_word' id='word_1_61' title='bbox 426 1937 526 1996; x_wconf 82' lang='lat' dir='ltr'>virginis</span> <span class='ocrx_word' id='word_1_62' title='bbox 545 1938 614 1982; x_wconf 81' lang='lat' dir='ltr'>etiam</span> <span class='ocrx_word' id='word_1_63' title='bbox 629 1935 678 1982; x_wconf 82' lang='lat'>270</span> <span class='ocrx_word' id='word_1_64' title='bbox 697 1937 722 1992; x_wconf 89' lang='lat'>5,</span> <span class='ocrx_word' id='word_1_65' title='bbox 749 1937 932 1996; x_wconf 79' lang='lat' dir='ltr'>virgovirginis</span> <span class='ocrx_word' id='word_1_66' title='bbox 949 1937 976 1993; x_wconf 93' lang='lat' dir='ltr'>A,</span> <span class='ocrx_word' id='word_1_67' title='bbox 999 1937 1050 1994; x_wconf 78' lang='lat' dir='ltr'>vigo</span> 
     </span>
     <span class='ocr_line' id='line_1_28' title="bbox 308 2005 1051 2066; baseline -0.001 -13"><span class='ocrx_word' id='word_1_68' title='bbox 308 2008 408 2066; x_wconf 80' lang='lat' dir='ltr'>virginis</span> <span class='ocrx_word' id='word_1_69' title='bbox 431 2008 454 2053; x_wconf 91' lang='lat' dir='ltr'><em>B</em></span> <span class='ocrx_word' id='word_1_70' title='bbox 477 2008 545 2065; x_wconf 81' lang='lat' dir='ltr'>editi,</span> <span class='ocrx_word' id='word_1_71' title='bbox 574 2008 641 2054; x_wconf 85' lang='lat' dir='ltr'>vicus</span> <span class='ocrx_word' id='word_1_72' title='bbox 659 2008 760 2066; x_wconf 79' lang='lat' dir='ltr'>virginis</span> <span class='ocrx_word' id='word_1_73' title='bbox 787 2007 815 2052; x_wconf 82' lang='lat' dir='ltr'>G.</span> <span class='ocrx_word' id='word_1_74' title='bbox 888 2008 902 2052; x_wconf 88' lang='grc'><em>2</em></span> <span class='ocrx_word' id='word_1_75' title='bbox 930 2007 995 2052; x_wconf 83' lang='lat' dir='ltr'>Batia</span> <span class='ocrx_word' id='word_1_76' title='bbox 1011 2005 1051 2052; x_wconf 86' lang='lat' dir='ltr'>Sa-</span> 
     </span>
     <span class='ocr_line' id='line_1_29' title="bbox 308 2077 1050 2135; baseline -0.003 -11"><span class='ocrx_word' id='word_1_77' title='bbox 308 2079 371 2124; x_wconf 85' lang='lat' dir='ltr'>batia</span> <span class='ocrx_word' id='word_1_78' title='bbox 390 2081 460 2123; x_wconf 81' lang='lat' dir='ltr'>etiam</span> <span class='ocrx_word' id='word_1_79' title='bbox 474 2079 523 2123; x_wconf 86' lang='lat'>270</span> <span class='ocrx_word' id='word_1_80' title='bbox 543 2080 567 2135; x_wconf 85' lang='lat'>6,</span> <span class='ocrx_word' id='word_1_81' title='bbox 596 2079 658 2126; x_wconf 85' lang='lat' dir='ltr'>batia</span> <span class='ocrx_word' id='word_1_82' title='bbox 671 2079 779 2126; x_wconf 73' lang='lat' dir='ltr'>sabbatis</span> <span class='ocrx_word' id='word_1_83' title='bbox 796 2080 817 2124; x_wconf 90' lang='lat' dir='ltr'><strong><em>A</em></strong></span> <span class='ocrx_word' id='word_1_84' title='bbox 836 2078 901 2135; x_wconf 80' lang='lat' dir='ltr'>editi,</span> <span class='ocrx_word' id='word_1_85' title='bbox 929 2079 989 2124; x_wconf 88' lang='lat' dir='ltr'>vatia</span> <span class='ocrx_word' id='word_1_86' title='bbox 1000 2077 1050 2123; x_wconf 86' lang='lat' dir='ltr'>sab-</span> 
     </span>
     <span class='ocr_line' id='line_1_30' title="bbox 307 2147 1049 2208; baseline -0.003 -14"><span class='ocrx_word' id='word_1_87' title='bbox 307 2149 371 2194; x_wconf 87' lang='lat' dir='ltr'>batis</span> <span class='ocrx_word' id='word_1_88' title='bbox 391 2149 417 2194; x_wconf 75' lang='lat' dir='ltr'>G.</span> <span class='ocrx_word' id='word_1_89' title='bbox 474 2151 488 2195; x_wconf 83' lang='lat'><strong>3</strong></span> <span class='ocrx_word' id='word_1_90' title='bbox 516 2147 659 2208; x_wconf 85' lang='lat' dir='ltr'>Albinganis</span> <span class='ocrx_word' id='word_1_91' title='bbox 678 2151 748 2194; x_wconf 82' lang='lat' dir='ltr'>etiam</span> <span class='ocrx_word' id='word_1_92' title='bbox 766 2147 816 2194; x_wconf 89' lang='grc'>270</span> <span class='ocrx_word' id='word_1_93' title='bbox 837 2148 860 2207; x_wconf 85' lang='grc'>7,</span> <span class='ocrx_word' id='word_1_94' title='bbox 888 2148 1008 2208; x_wconf 78' lang='lat' dir='ltr'>albingani</span> <span class='ocrx_word' id='word_1_95' title='bbox 1025 2147 1049 2203; x_wconf 85' lang='lat' dir='ltr'>G,</span> 
     </span>
     <span class='ocr_line' id='line_1_31' title="bbox 307 2218 1048 2279; baseline -0.003 -14"><span class='ocrx_word' id='word_1_96' title='bbox 307 2219 438 2279; x_wconf 79' lang='lat' dir='ltr'>albingano</span> <span class='ocrx_word' id='word_1_97' title='bbox 450 2220 493 2265; x_wconf 90' lang='lat' dir='ltr'>AB</span> <span class='ocrx_word' id='word_1_98' title='bbox 505 2220 570 2265; x_wconf 80' lang='lat' dir='ltr'>editi.</span> <span class='ocrx_word' id='word_1_99' title='bbox 624 2223 640 2266; x_wconf 87' lang='lat'>4</span> <span class='ocrx_word' id='word_1_100' title='bbox 667 2219 732 2265; x_wconf 87' lang='lat' dir='ltr'>Luco</span> <span class='ocrx_word' id='word_1_101' title='bbox 743 2220 868 2266; x_wconf 85' lang='lat' dir='ltr'>Vermania</span> <span class='ocrx_word' id='word_1_102' title='bbox 880 2222 950 2265; x_wconf 76' lang='lat' dir='ltr'>etiam</span> <span class='ocrx_word' id='word_1_103' title='bbox 963 2220 1010 2265; x_wconf 85' lang='lat'>270</span> <span class='ocrx_word' id='word_1_104' title='bbox 1028 2218 1048 2274; x_wconf 88' lang='lat'>8,</span> 
     </span>
     <span class='ocr_line' id='line_1_32' title="bbox 307 2289 1049 2350; baseline -0.003 -14"><span class='ocrx_word' id='word_1_105' title='bbox 307 2290 362 2336; x_wconf 85' lang='lat' dir='ltr'>loco</span> <span class='ocrx_word' id='word_1_106' title='bbox 381 2291 500 2350; x_wconf 80' lang='lat' dir='ltr'>germanis</span> <span class='ocrx_word' id='word_1_107' title='bbox 517 2291 568 2348; x_wconf 87' lang='lat' dir='ltr'>AB,</span> <span class='ocrx_word' id='word_1_108' title='bbox 596 2289 650 2336; x_wconf 85' lang='lat' dir='ltr'>loco</span> <span class='ocrx_word' id='word_1_109' title='bbox 669 2291 782 2350; x_wconf 85' lang='lat' dir='ltr'>germinis</span> <span class='ocrx_word' id='word_1_110' title='bbox 801 2290 828 2348; x_wconf 83' lang='lat' dir='ltr'>G,</span> <span class='ocrx_word' id='word_1_111' title='bbox 857 2291 923 2337; x_wconf 83' lang='lat' dir='ltr'>Loco</span> <span class='ocrx_word' id='word_1_112' title='bbox 935 2289 1049 2336; x_wconf 77' lang='lat' dir='ltr'>Bormanis</span> 
     </span>
     <span class='ocr_line' id='line_1_33' title="bbox 308 2360 1049 2419; baseline -0.003 -13"><span class='ocrx_word' id='word_1_113' title='bbox 308 2361 372 2406; x_wconf 78' lang='lat' dir='ltr'>editi.</span> <span class='ocrx_word' id='word_1_114' title='bbox 428 2362 442 2408; x_wconf 81' lang='grc'><em>3</em></span> <span class='ocrx_word' id='word_1_115' title='bbox 470 2361 544 2408; x_wconf 81' lang='lat' dir='ltr'>Costa</span> <span class='ocrx_word' id='word_1_116' title='bbox 555 2361 662 2406; x_wconf 82' lang='lat' dir='ltr'>Ballanis</span> <span class='ocrx_word' id='word_1_117' title='bbox 680 2363 750 2406; x_wconf 77' lang='lat' dir='ltr'>etiam</span> <span class='ocrx_word' id='word_1_118' title='bbox 768 2361 818 2406; x_wconf 85' lang='lat'>270</span> <span class='ocrx_word' id='word_1_119' title='bbox 838 2363 862 2419; x_wconf 88' lang='grc'>9,</span> <span class='ocrx_word' id='word_1_120' title='bbox 882 2367 949 2407; x_wconf 78' lang='lat' dir='ltr'>costa</span> <span class='ocrx_word' id='word_1_121' title='bbox 965 2360 1049 2406; x_wconf 87' lang='lat' dir='ltr'>halenis</span> 
     </span>
     <span class='ocr_line' id='line_1_34' title="bbox 310 2430 1048 2488; baseline -0.004 -10"><span class='ocrx_word' id='word_1_122' title='bbox 310 2430 355 2488; x_wconf 79' lang='lat' dir='ltr'>OG,</span> <span class='ocrx_word' id='word_1_123' title='bbox 386 2437 454 2478; x_wconf 81' lang='lat' dir='ltr'>costa</span> <span class='ocrx_word' id='word_1_124' title='bbox 471 2432 561 2477; x_wconf 86' lang='lat' dir='ltr'>balleni</span> <span class='ocrx_word' id='word_1_125' title='bbox 579 2432 623 2476; x_wconf 87' lang='lat' dir='ltr'>AB</span> <span class='ocrx_word' id='word_1_126' title='bbox 641 2433 705 2478; x_wconf 81' lang='lat' dir='ltr'>editi.</span> <span class='ocrx_word' id='word_1_127' title='bbox 761 2433 775 2477; x_wconf 85' lang='grc'><strong>6</strong></span> <span class='ocrx_word' id='word_1_128' title='bbox 804 2431 969 2478; x_wconf 80' lang='lat' dir='ltr'>Avinctimilio</span> <span class='ocrx_word' id='word_1_129' title='bbox 988 2433 1048 2477; x_wconf 78' lang='lat' dir='ltr'>etiam</span> 
     </span>
     <span class='ocr_line' id='line_1_35' title="bbox 309 2500 1047 2562; baseline -0.003 -15"><span class='ocrx_word' id='word_1_130' title='bbox 309 2501 420 2560; x_wconf 91' lang='grc'><em>27010,</em></span> <span class='ocrx_word' id='word_1_131' title='bbox 448 2503 478 2548; x_wconf 90' lang='lat' dir='ltr'>ad</span> <span class='ocrx_word' id='word_1_132' title='bbox 495 2502 651 2562; x_wconf 87' lang='lat' dir='ltr'>vigintimilio</span> <span class='ocrx_word' id='word_1_133' title='bbox 669 2503 712 2548; x_wconf 85' lang='lat' dir='ltr'>AB</span> <span class='ocrx_word' id='word_1_134' title='bbox 731 2503 794 2561; x_wconf 79' lang='lat' dir='ltr'>editi,</span> <span class='ocrx_word' id='word_1_135' title='bbox 821 2502 1004 2562; x_wconf 78' lang='lat' dir='ltr'>vigantimilinm</span> <span class='ocrx_word' id='word_1_136' title='bbox 1024 2500 1047 2546; x_wconf 86' lang='lat' dir='ltr'>G.</span> 
     </span>
     <span class='ocr_line' id='line_1_36' title="bbox 309 2569 1047 2632; baseline -0.004 -13"><span class='ocrx_word' id='word_1_137' title='bbox 309 2576 322 2619; x_wconf 78' lang='lat'>7</span> <span class='ocrx_word' id='word_1_138' title='bbox 351 2572 400 2618; x_wconf 87' lang='lat' dir='ltr'>albi</span> <span class='ocrx_word' id='word_1_139' title='bbox 419 2574 536 2619; x_wconf 87' lang='lat' dir='ltr'>maritana</span> <span class='ocrx_word' id='word_1_140' title='bbox 554 2574 609 2630; x_wconf 87' lang='lat' dir='ltr'>AB,</span> <span class='ocrx_word' id='word_1_141' title='bbox 638 2573 700 2632; x_wconf 84' lang='lat' dir='ltr'>Alpa</span> <span class='ocrx_word' id='word_1_142' title='bbox 718 2575 838 2620; x_wconf 88' lang='lat' dir='ltr'>maritima</span> <span class='ocrx_word' id='word_1_143' title='bbox 859 2575 917 2620; x_wconf 80' lang='lat' dir='ltr'>editi</span> <span class='ocrx_word' id='word_1_144' title='bbox 932 2580 959 2618; x_wconf 78' lang='lat' dir='ltr'>ut</span> <span class='ocrx_word' id='word_1_145' title='bbox 973 2569 1047 2630; x_wconf 76' lang='lat' dir='ltr'>paullo</span> 
     </span>
     <span class='ocr_line' id='line_1_37' title="bbox 308 2641 1046 2705; baseline -0.005 -15"><span class='ocrx_word' id='word_1_146' title='bbox 308 2641 553 2705; x_wconf 77' lang='lat' dir='ltr'>infraat27011,</span> <span class='ocrx_word' id='word_1_147' title='bbox 582 2644 644 2702; x_wconf 84' lang='lat' dir='ltr'>alpia</span> <span class='ocrx_word' id='word_1_148' title='bbox 662 2645 783 2690; x_wconf 88' lang='lat' dir='ltr'>maritima</span> <span class='ocrx_word' id='word_1_149' title='bbox 806 2644 833 2690; x_wconf 78' lang='lat' dir='ltr'>G.</span> <span class='ocrx_word' id='word_1_150' title='bbox 880 2665 882 2672; x_wconf 94' lang='lat'>·</span> <span class='ocrx_word' id='word_1_151' title='bbox 907 2647 922 2690; x_wconf 88' lang='lat'>8</span> <span class='ocrx_word' id='word_1_152' title='bbox 950 2645 980 2690; x_wconf 88' lang='lat' dir='ltr'>ad</span> <span class='ocrx_word' id='word_1_153' title='bbox 997 2642 1046 2688; x_wconf 84' lang='lat' dir='ltr'>cini-</span> 
     </span>
     <span class='ocr_line' id='line_1_38' title="bbox 308 2712 1045 2774; baseline -0.007 -13"><span class='ocrx_word' id='word_1_154' title='bbox 308 2721 383 2761; x_wconf 86' lang='lat' dir='ltr'>tatam</span> <span class='ocrx_word' id='word_1_155' title='bbox 401 2715 428 2758; x_wconf 91' lang='lat' dir='ltr'>A.</span> <span class='ocrx_word' id='word_1_156' title='bbox 443 2716 467 2762; x_wconf 84' lang='grc'>,0</span> <span class='ocrx_word' id='word_1_157' title='bbox 492 2715 568 2774; x_wconf 83' lang='lat' dir='ltr'>Regio</span> <span class='ocrx_word' id='word_1_158' title='bbox 588 2715 643 2760; x_wconf 88' lang='lat' dir='ltr'>Iulii</span> <span class='ocrx_word' id='word_1_159' title='bbox 662 2718 732 2760; x_wconf 79' lang='lat' dir='ltr'>etiam</span> <span class='ocrx_word' id='word_1_160' title='bbox 751 2715 801 2761; x_wconf 91' lang='grc'>330</span> <span class='ocrx_word' id='word_1_161' title='bbox 823 2715 864 2770; x_wconf 84' lang='grc'>12,</span> <span class='ocrx_word' id='word_1_162' title='bbox 892 2715 983 2773; x_wconf 79' lang='lat' dir='ltr'>Rhagia</span> <span class='ocrx_word' id='word_1_163' title='bbox 1000 2712 1045 2759; x_wconf 87' lang='lat' dir='ltr'>Iulii</span> 
     </span>
     <span class='ocr_line' id='line_1_39' title="bbox 308 2783 1045 2845; baseline -0.007 -14"><span class='ocrx_word' id='word_1_164' title='bbox 308 2785 377 2842; x_wconf 74' lang='lat' dir='ltr'>editi,</span> <span class='ocrx_word' id='word_1_165' title='bbox 414 2785 490 2844; x_wconf 83' lang='lat' dir='ltr'>Regio</span> <span class='ocrx_word' id='word_1_166' title='bbox 517 2785 579 2831; x_wconf 89' lang='lat' dir='ltr'>Iulia</span> <span class='ocrx_word' id='word_1_167' title='bbox 606 2785 657 2831; x_wconf 88' lang='grc'>330</span> <span class='ocrx_word' id='word_1_168' title='bbox 686 2786 713 2842; x_wconf 85' lang='grc'><em>3,</em></span> <span class='ocrx_word' id='word_1_169' title='bbox 749 2785 825 2845; x_wconf 85' lang='lat' dir='ltr'>Regio</span> <span class='ocrx_word' id='word_1_170' title='bbox 852 2785 912 2832; x_wconf 84' lang='lat' dir='ltr'>Iulis</span> <span class='ocrx_word' id='word_1_171' title='bbox 940 2783 1045 2830; x_wconf 80' lang='lat'><strong><em>26311.</em></strong></span> 
     </span>
     <span class='ocr_line' id='line_1_40' title="bbox 309 2853 1045 2915; baseline -0.005 -13"><span class='ocrx_word' id='word_1_172' title='bbox 309 2857 323 2902; x_wconf 83' lang='lat'>9</span> <span class='ocrx_word' id='word_1_173' title='bbox 351 2857 429 2915; x_wconf 85' lang='lat' dir='ltr'>ipsum</span> <span class='ocrx_word' id='word_1_174' title='bbox 446 2856 542 2902; x_wconf 81' lang='lat' dir='ltr'>litarem</span> <span class='ocrx_word' id='word_1_175' title='bbox 560 2857 588 2911; x_wconf 88' lang='lat' dir='ltr'>A,</span> <span class='ocrx_word' id='word_1_176' title='bbox 616 2857 695 2915; x_wconf 87' lang='lat' dir='ltr'>ipsum</span> <span class='ocrx_word' id='word_1_177' title='bbox 713 2857 771 2903; x_wconf 90' lang='lat' dir='ltr'>litus</span> <span class='ocrx_word' id='word_1_178' title='bbox 792 2856 815 2902; x_wconf 76' lang='lat'>0.</span> <span class='ocrx_word' id='word_1_179' title='bbox 852 2857 862 2901; x_wconf 90' lang='lat' dir='ltr'>ll</span> <span class='ocrx_word' id='word_1_180' title='bbox 897 2857 928 2902; x_wconf 89' lang='lat' dir='ltr'>ad</span> <span class='ocrx_word' id='word_1_181' title='bbox 951 2870 992 2901; x_wconf 85' lang='lat' dir='ltr'>om.</span> <span class='ocrx_word' id='word_1_182' title='bbox 1009 2853 1045 2899; x_wconf 85' lang='lat' dir='ltr'>AB</span> 
     </span>
     <span class='ocr_line' id='line_1_41' title="bbox 308 2919 1043 2985; baseline -0.005 -13"><span class='ocrx_word' id='word_1_183' title='bbox 308 2927 373 2972; x_wconf 80' lang='lat' dir='ltr'>editi.</span> <span class='ocrx_word' id='word_1_184' title='bbox 400 2927 409 2972; x_wconf 90' lang='lat' dir='ltr'>ll</span> <span class='ocrx_word' id='word_1_185' title='bbox 435 2927 557 2972; x_wconf 82' lang='lat' dir='ltr'>civitatem</span> <span class='ocrx_word' id='word_1_186' title='bbox 577 2931 650 2985; x_wconf 82' lang='lat' dir='ltr'>quae]</span> <span class='ocrx_word' id='word_1_187' title='bbox 670 2929 701 2973; x_wconf 89' lang='lat' dir='ltr'>ad</span> <span class='ocrx_word' id='word_1_188' title='bbox 718 2927 787 2974; x_wconf 90' lang='lat' dir='ltr'>illum</span> <span class='ocrx_word' id='word_1_189' title='bbox 805 2919 886 2973; x_wconf 79' lang='lat' dir='ltr'>loctlm</span> <span class='ocrx_word' id='word_1_190' title='bbox 908 2928 948 2985; x_wconf 88' lang='lat' dir='ltr'>qui</span> <span class='ocrx_word' id='word_1_191' title='bbox 966 2928 995 2981; x_wconf 65' lang='lat' dir='ltr'>A,</span> <span class='ocrx_word' id='word_1_192' title='bbox 1017 2921 1043 2983; x_wconf 82' lang='lat' dir='ltr'>cf.</span> 
     </span>
     <span class='ocr_line' id='line_1_42' title="bbox 308 2994 1042 3056; baseline -0.005 -14"><span class='ocrx_word' id='word_1_193' title='bbox 308 2998 421 3044; x_wconf 72' lang='grc'><em>34312.</em></span> <span class='ocrx_word' id='word_1_194' title='bbox 460 2999 490 3043; x_wconf 91' lang='grc'>10</span> <span class='ocrx_word' id='word_1_195' title='bbox 516 2997 716 3056; x_wconf 79' lang='lat' dir='ltr'>Alpe]ulpaAB.</span> <span class='ocrx_word' id='word_1_196' title='bbox 744 2998 753 3042; x_wconf 97' lang='grc' dir='ltr'>ΙΙ</span> <span class='ocrx_word' id='word_1_197' title='bbox 779 2997 926 3044; x_wconf 74' lang='lat' dir='ltr'>maritinab&#39;.</span> <span class='ocrx_word' id='word_1_198' title='bbox 964 2999 992 3042; x_wconf 89' lang='grc'>10</span> <span class='ocrx_word' id='word_1_199' title='bbox 1009 2994 1042 3040; x_wconf 89' lang='lat' dir='ltr'>ubi</span> 
     </span>
     <span class='ocr_line' id='line_1_43' title="bbox 308 3066 1041 3119; baseline -0.003 -7"><span class='ocrx_word' id='word_1_200' title='bbox 308 3071 384 3114; x_wconf 79' lang='lat'>-11</span> <span class='ocrx_word' id='word_1_201' title='bbox 404 3067 475 3114; x_wconf 86' lang='lat' dir='ltr'>ltalia</span> <span class='ocrx_word' id='word_1_202' title='bbox 497 3084 541 3114; x_wconf 86' lang='lat' dir='ltr'>om.</span> <span class='ocrx_word' id='word_1_203' title='bbox 560 3069 604 3114; x_wconf 85' lang='lat' dir='ltr'>AB</span> <span class='ocrx_word' id='word_1_204' title='bbox 622 3069 686 3114; x_wconf 76' lang='lat' dir='ltr'>editi.</span> <span class='ocrx_word' id='word_1_205' title='bbox 760 3069 791 3114; x_wconf 89' lang='grc'>12</span> <span class='ocrx_word' id='word_1_206' title='bbox 820 3074 916 3114; x_wconf 80' lang='lat' dir='ltr'>eentum</span> <span class='ocrx_word' id='word_1_207' title='bbox 934 3066 1041 3119; x_wconf 81' lang='lat' dir='ltr'>undecim}</span> 
     </span>
    </p>
   </div>
   <div class='ocr_carea' id='block_1_7' title="bbox 294 3135 1040 3200">
    <p class='ocr_par' dir='ltr' id='par_1_8' title="bbox 294 3135 1040 3200">
     <span class='ocr_line' id='line_1_44' title="bbox 294 3135 1040 3200; baseline -0.008 -14"><span class='ocrx_word' id='word_1_208' title='bbox 294 3151 324 3186; x_wconf 61' lang='lat' dir='ltr'>„a</span> <span class='ocrx_word' id='word_1_209' title='bbox 337 3144 361 3184; x_wconf 83' lang='lat' dir='ltr'>et</span> <span class='ocrx_word' id='word_1_210' title='bbox 372 3152 399 3185; x_wconf 86' lang='lat' dir='ltr'>xr</span> <span class='ocrx_word' id='word_1_211' title='bbox 414 3139 437 3195; x_wconf 80' lang='grc'>0,</span> <span class='ocrx_word' id='word_1_212' title='bbox 456 3146 511 3185; x_wconf 71' lang='lat' dir='ltr'>aaut</span> <span class='ocrx_word' id='word_1_213' title='bbox 522 3145 612 3187; x_wconf 73' lang='lat' dir='ltr'>aenmm</span> <span class='ocrx_word' id='word_1_214' title='bbox 623 3141 817 3200; x_wconf 75' lang='lat' dir='ltr'>quattuordecim.</span> <span class='ocrx_word' id='word_1_215' title='bbox 837 3139 847 3184; x_wconf 93' lang='grc' dir='ltr'>ΙΙ</span> <span class='ocrx_word' id='word_1_216' title='bbox 872 3143 1009 3198; x_wconf 80' lang='lat' dir='ltr'>supputatur</span> <span class='ocrx_word' id='word_1_217' title='bbox 1018 3135 1040 3180; x_wconf 86' lang='lat' dir='ltr'>B.</span> 
     </span>
    </p>
   </div>
   <div class='ocr_carea' id='block_1_8' title="bbox 307 3209 1040 3327">
    <p class='ocr_par' dir='ltr' id='par_1_9' title="bbox 307 3209 1040 3327">
     <span class='ocr_line' id='line_1_45' title="bbox 310 3209 1040 3270; baseline -0.008 -14"><span class='ocrx_word' id='word_1_218' title='bbox 310 3212 340 3256; x_wconf 89' lang='grc'><em>13</em></span> <span class='ocrx_word' id='word_1_219' title='bbox 367 3217 422 3268; x_wconf 77' lang='lat' dir='ltr'>post</span> <span class='ocrx_word' id='word_1_220' title='bbox 439 3209 505 3256; x_wconf 81' lang='lat' dir='ltr'>mille</span> <span class='ocrx_word' id='word_1_221' title='bbox 530 3210 620 3258; x_wconf 77' lang='lat' dir='ltr'>cada.</span> <span class='ocrx_word' id='word_1_222' title='bbox 642 3210 885 3270; x_wconf 77' lang='lat' dir='ltr'>prolognsauetaris</span> <span class='ocrx_word' id='word_1_223' title='bbox 909 3225 950 3256; x_wconf 83' lang='lat' dir='ltr'>cnr</span> <span class='ocrx_word' id='word_1_224' title='bbox 967 3209 1008 3254; x_wconf 87' lang='lat' dir='ltr'>alio</span> <span class='ocrx_word' id='word_1_225' title='bbox 1024 3211 1040 3249; x_wconf 83' lang='lat' dir='ltr'>et</span> 
     </span>
     <span class='ocr_line' id='line_1_46' title="bbox 307 3281 681 3327; baseline 0.003 -2"><span class='ocrx_word' id='word_1_226' title='bbox 307 3281 377 3326; x_wconf 83' lang='lat' dir='ltr'>aliter</span> <span class='ocrx_word' id='word_1_227' title='bbox 394 3283 548 3327; x_wconf 85' lang='lat' dir='ltr'>nominantur</span> <span class='ocrx_word' id='word_1_228' title='bbox 564 3283 681 3327; x_wconf 78' lang='lat' dir='ltr'>civitates.</span> 
     </span>
    </p>
   </div>
   <div class='ocr_carea' id='block_1_9' title="bbox 0 0 1110 3834">
    <p class='ocr_par' dir='ltr' id='par_1_10' title="bbox 0 0 1110 3834">
     <span class='ocr_line' id='line_1_47' title="bbox 0 0 1110 3834; baseline 0 1"><span class='ocrx_word' id='word_1_229' title='bbox 0 0 1110 3834; x_wconf 95' lang='lat' dir='ltr'> </span> 
     </span>
    </p>
   </div>
  </div>
 </body>
</html>
