2210 3834
218 339 272 394 284

241 513 252 555 1

240 616 254 660 2

241 721 254 764 3

240 823 255 866 4

242 925 255 969 5

242 1031 255 1074 6

242 1135 255 1178 7

242 1236 256 1280 8

243 1339 257 1383 9

227 1445 257 1488 10

227 1551 256 1595 ll

228 1655 258 1700 12

228 1759 258 1803 13

228 1863 260 1906 14

229 1965 259 2010 15

227 2070 259 2114 16

442 489 550 551 Anxia

442 591 658 656 Mesochoron

443 693 684 773 Grumentium‚
737 715 817 776 quae
864 693 1044 756 confinatur

294 821 366 863 oum
399 800 559 863 territorio
594 798 732 862 civitatis
767 819 863 880 quam
898 797 1044 880 superius

293 904 526 966 nominavimus
550 901 753 966 Tarentinae.

323 1004 376 1072 36.
422 1006 505 1070 Item
520 1006 610 1068 iuxta
624 1003 762 1068 Romam
776 1005 830 1068 via
845 1003 981 1066 Aurelia
998 1013 1044 1066 est

295 1111 408 1174 civitas
432 1132 513 1193 quae
536 1107 654 1172 dicitur

388 1213 565 1305 „Lorion

442 1316 586 1381 Bobeina

445 1421 544 1506 Pirga

444 1524 643 1609 Aquepurgo

445 1627 637 1710 Tarquinios

445 1731 542 1795 Blera

445 1835 595 1898 Tuscana

445 1937 596 2001 Materno

446 2039 607 2121 Saturnia,
638 2063 720 2123 quae
744 2041 951 2126 coniungitur
974 2064 1045 2106 oum

299 2269 310 2312 1
331 2264 413 2310 Anxia
431 2267 501 2310 etiam
514 2265 568 2310 Tob.
597 2265 605 2309 ΙΙ
628 2271 685 2322 post
696 2263 781 2310 Anxia
796 2263 1045 2310 multoodditGuido.

298 2338 311 2382 2
331 2349 470 2381 morocoron
493 2337 528 2394 B,
556 2337 711 2382 maroohoron
735 2333 787 2390 AC,
817 2335 959 2381 Mesoeoron
983 2337 1044 2392 adai,

296 2407 461 2453 mesochorum
487 2403 533 2464 (Ψ,
561 2420 710 2452 mesoeorum
735 2405 787 2459 θη,
816 2406 957 2452 Mesochoro
980 2407 1045 2460 Tali-5

295 2475 411 2524 nonnullo
423 2477 491 2522 addit
504 2477 587 2523 Gurdo.
645 2479 658 2522 3
684 2475 841 2522 Grumention
854 2476 919 2534 editi,
937 2491 1046 2536 grumen-

296 2555 347 2594 tum
362 2548 389 2603 G,
410 2546 540 2594 Grumento
553 2549 617 2605 Ana,
637 2547 765 2594 Grumento
783 2547 838 2592 Tar.
858 2548 867 2591 ΙΙ
884 2551 954 2606 quael
967 2549 1044 2606 quiA.

297 2620 313 2665 4
342 2620 426 2677 quaml
450 2632 510 2676 quae
534 2620 555 2664 A
578 2619 642 2675 editi,
674 2631 719 2676 quo
741 2618 771 2662 B.
845 2619 858 2663 8
888 2618 960 2664 Lorio
982 2619 1044 2672 Tah„

296 2691 369 2737 Loris
386 2691 441 2734 Ant.
497 2692 510 2735 9
535 2690 641 2736 Bobenia
659 2689 723 2745 editi,
746 2689 855 2734 Bebiana
877 2689 940 2744 Tau,
960 2703 1004 2734 om.
1019 2688 1044 2732 G.

300 2763 330 2808 10
350 2761 430 2820 Pyrga
442 2761 505 2806 editi.
519 2761 586 2819 pirgo
601 2760 628 2816 G,
643 2760 734 2818 Pyrgos
743 2759 797 2804 Aac.
813 2759 867 2804 Tab.
916 2762 946 2805 11
965 2760 1045 2818 Aqua·
1076 2761 1077 2764 ’

296 2846 372 2892 purgo
386 2831 449 2888 editi,
468 2832 597 2890 aquepirgo
609 2831 636 2887 G,
649 2831 732 2888 Aquas
741 2830 804 2875 tauri
817 2830 890 2875 Tua?
939 2831 969 2876 12
990 2831 1044 2876 Tar·

298 2905 392 2962 quinios
410 2904 480 2948 etiam
492 2903 555 2958 Ana,
575 2902 700 2959 Tarquinis
717 2901 772 2946 Tab.
829 2902 859 2946 13
879 2901 950 2947 Blera
967 2901 1045 2946 om.B

298 2975 354 3018 editi
378 2979 485 3028 (erasum
507 2973 599 3018 videaur
623 2975 647 3018 ia
670 2973 719 3029 B),
748 2965 840 3038 Βλήρα
862 2971 926 3018 Ptol.
950 2971 1043 3026 Strabo,

298 3043 370 3088 Vlera
389 3047 480 3101 (potius
498 3059 567 3104 quom
586 3043 671 3097 Olera)
695 3043 750 3088 Tab.
807 3044 838 3088 14
858 3043 963 3089 Tusiana
981 3041 1043 3096 editi,

298 3114 406 3159 Tuseana
428 3115 492 3171 Tala,
510 3129 571 3160 armo
589 3114 738 3163 Tosoanella.
796 3115 826 3160 15
852 3114 959 3160 Materno
977 3114 1044 3157 etiam

302 3185 366 3241 Tob„
394 3189 503 3231 matumo
527 3184 573 3242 As,
601 3191 736 3230 matumum
762 3183 797 3241 Gr,
825 3181 957 3230 maternum
981 3181 1043 3228 ΟΜ.

301 3257 331 3300 16
360 3253 472 3300 Saturnia
492 3258 562 3301 etiam
580 3257 643 3312 Tua,
672 3262 769 3302 saturnu
794 3254 816 3301 0.
846 3256 855 3300 ΙΙ
882 3255 1041 3313 coniungitur]

298 3326 405 3384 iungitur
423 3326 450 3382 A,
479 3340 509 3371 ex
528 3328 635 3386 iungitur
652 3327 680 3382 Β,
709 3331 734 3372 et
752 3327 858 3384 iungitur
878 3327 941 3372 editi.
