2210 3834
169 313 221 366 272

390 458 540 524 Fidentia

390 563 474 628 Iulia
513 560 711 646 Chrisopolis
752 584 833 644 quae
877 561 1014 627 dieitur

191 487 200 528 1

190 589 203 632 2

189 691 203 735 3
241 667 357 730 Parme

188 795 204 839 4
390 771 548 834 Beoillum

189 899 203 943 o
391 873 573 937 Tannetum

190 999 203 1042 o
389 973 550 1059 Lepidum
571 975 694 1060 regium

190 1103 203 1146 7
390 1077 519 1141 Mutina

189 1207 203 1250 8
390 1181 511 1246 Forum
534 1179 700 1246 Gallorum

189 1307 203 1351 o
389 1285 536 1348 Bononia

173 1410 203 1454 10
391 1385 578 1452 Claternum

173 1513 202 1556 11
256 1519 260 1528 ·
390 1491 475 1555 Foro
499 1489 598 1555 Cerili

173 1615 203 1660 rr
388 1593 546 1659 Faventia

172 1724 202 1766 13
389 1697 511 1782 Forum
532 1699 608 1763 Livi

173 1827 202 1870 14
388 1801 509 1866 Forum
532 1802 658 1886 Populi,
683 1812 714 1866 et
738 1800 876 1887 desuper

173 1933 202 1976 ro
389 1904 524 1970 Befania

242 2097 254 2139 l
279 2095 389 2141 Fidentia
407 2097 476 2140 etiam
494 2100 549 2141 Aut.
569 2103 592 2141 et
608 2097 671 2152 Tau,
692 2096 772 2141 fidene
791 2096 818 2141 G.
875 2097 889 2140 2
913 2097 1002 2154 griso·

239 2164 302 2223 polis
320 2167 352 2222 A,
385 2166 512 2225 chrispolis
530 2168 564 2224 B,
597 2165 722 2225 crisopolie
743 2165 771 2224 0,
804 2167 938 2224 ohisopolis
966 2169 998 2225 G,

239 2235 395 2295 Chrysopolis
408 2236 471 2282 editi.
499 2239 508 2283 11
535 2237 635 2294 dicitur]
649 2242 684 2282 est
697 2237 740 2282 AB
752 2237 816 2282 editi.
869 2237 1001 2285 3Perma

239 2309 309 2352 etiam
333 2308 396 2363 Ant,
424 2308 502 2353 Poma
529 2308 584 2354 Tot.
657 2310 673 2353 4
699 2307 830 2363 Beeilluml
854 2307 1000 2355 Brexillum

238 2376 328 2422 Paulos
345 2378 424 2434 Diuo,
453 2378 586 2424 Brixellum
605 2377 661 2434 aliu·
688 2377 763 2423 (luido
785 2381 821 2422 ito
845 2378 909 2424 Iulio
932 2378 999 2424 Chi-

238 2447 329 2506 eopolis
348 2461 408 2505 quae
426 2455 450 2494 et
462 2449 547 2495 Penne
559 2463 601 2494 eeu
611 2448 728 2494 vexillum
741 2449 836 2494 dicitur.
892 2451 905 2494 ὃ
926 2450 999 2496 Tau-

237 2523 319 2563 netum
342 2520 412 2562 etiam
432 2519 451 2563 G
474 2535 525 2565 eum
543 2522 598 2564 Aut.
622 2525 645 2564 et
665 2519 729 2576 Tau,
756 2525 865 2566 tanetum
883 2521 905 2564 Β
923 2519 997 2566 edio.

200 2585 202 2593 '
240 2591 253 2633 6
282 2589 400 2647 Lepidum
422 2591 526 2649 regium}
549 2591 709 2648 Lepidoregio
735 2591 799 2648 Tau,
833 2590 910 2650 Regio
932 2592 995 2638 Ant.

239 2661 253 2704 7
272 2659 367 2704 Mutina
379 2662 448 2705 ettam
458 2663 512 2706 Ant.
526 2667 548 2706 et
561 2661 624 2718 Tau,
642 2661 741 2706 Mutene
752 2661 846 2706 Hieros.
892 2663 907 2707 8
926 2661 995 2708 Foro

239 2729 362 2776 Gallorum
393 2731 448 2776 Tau.
528 2733 541 2776 9
574 2731 683 2776 Bononia
711 2734 781 2776 etium
799 2732 855 2776 Aut.
883 2739 906 2777 et
933 2733 997 2778 Tau.

138 2812 142 2820 ·
240 2803 271 2846 10
300 2800 412 2846 Claterno
429 2802 533 2859 Hieros„
562 2801 674 2848 Claterna
691 2803 746 2848 Ant.
763 2802 818 2848 Tau.
876 2805 905 2847 ll
936 2804 995 2849 foro

238 2873 303 2916 oerdi
323 2870 346 2928 0,
365 2871 426 2917 Foro
439 2870 534 2917 Corneli
553 2872 610 2917 editi
627 2879 654 2918 ut
671 2874 726 2917 Ant.
745 2879 767 2917 et
783 2873 847 2929 Tau,
871 2874 917 2918 fori
937 2887 995 2920 eor-

238 2942 295 2986 nelii
310 2942 336 2986 G.
393 2943 424 2986 12
443 2943 558 2990 Faventia
570 2945 639 2988 etium
651 2944 706 2987 Ant.
720 2949 743 2988 et
755 2944 819 2999 Tab„
839 2945 952 2989 foveneie
966 2943 992 2990 C.

240 3014 271 3056 13
299 3013 374 3058 forem
393 3012 417 3058 0.
445 3015 455 3058 ΙΙ
480 3014 536 3058 Livi
554 3016 623 3059 etiam
640 3017 695 3059 Aut.
714 3015 809 3059 Hieros.
830 3014 895 3071 Tale,
923 3015 993 3060 Liuii

240 3081 322 3138 Guido,
342 3083 386 3129 vili
404 3084 432 3140 A,
451 3084 503 3128 urlii
522 3085 551 3140 B,
571 3085 615 3129 iuli
635 3083 658 3141 G,
681 3084 736 3130 Iulii
754 3085 819 3130 editi.
876 3086 908 3129 14
926 3085 992 3131 Foro

237 3153 324 3212 Populi
342 3154 436 3199 Hieros·
455 3161 478 3200 et
493 3155 557 3212 Tot„
576 3157 653 3201 forum
672 3155 759 3214 popilii
778 3155 831 3212 (ΞΝ,
850 3169 912 3200 nuno
930 3156 993 3202 For·
1048 3147 1055 3158 ⁸

237 3224 373 3282 limpopoli.
430 3225 459 3271 15
479 3226 588 3282 Befenia]
601 3241 662 3272 nuno
671 3227 769 3272 Bevunu
777 3229 841 3272 olcus
851 3228 914 3272 inter
922 3227 991 3273 Forli

238 3302 260 3338 et
278 3293 373 3340 Cervia.
