2242 3838
63 313 90 358 IV
108 313 138 358 12
815 309 866 398 201

79 484 88 526 ¹
122 457 262 522 cundum
290 456 468 540 praefatum
489 454 681 522 Sardonium
713 480 782 522 eam
812 482 868 522 no-

76 586 88 630 t
121 562 249 626 minari.
303 568 377 645 post
405 583 501 643 quam
529 561 665 646 patriam
692 571 724 626 et
752 563 867 628 iterum

76 690 89 734 t
121 662 273 730 Oceanus
295 663 520 751 innavigabilis
544 687 613 728 esse
636 665 815 730 ascribitur.

77 792 89 836 4
153 767 203 836 12.
250 767 334 833 Item
356 768 447 832 iuxta
474 769 578 853 ipsam
599 766 764 854 Scythiam
792 771 868 835 litus

78 894 90 938 t
122 871 290 938 Oceanum
325 872 456 957 ponitur
493 872 598 958 patris
634 895 715 956 quae
752 873 869 939 dicitur

17 987 18 1062 j
78 1001 90 1045 c
122 976 353 1042 Rerefenorum
369 974 653 1042 etSirdifcnorum.
700 977 789 1043 cuius
812 1001 868 1064 pa-

78 1106 90 1149 r
123 1071 200 1145 triac
215 1080 361 1146 homines
376 1089 413 1145 ut
430 1081 475 1146 ait
489 1079 675 1144 Aithanarit
688 1079 869 1148 Gothorum

16 1157 18 1248 l
78 1210 91 1253 s
121 1184 329 1270 philosophus
364 1207 459 1270 rupes
495 1185 651 1248 montium
678 1185 869 1268 inhabitant,
960 1182 963 1188 ’

15 1257 18 1364 l
79 1313 90 1356 u
123 1296 154 1352 ct
174 1311 235 1372 per
255 1289 442 1354 venationes
463 1296 530 1352 tam
553 1289 613 1352 viri
628 1311 785 1374 quamque
800 1313 869 1355 mu-

65 1416 91 1460 1⁰
122 1392 213 1456 lieres
236 1395 362 1474 vivers,
392 1391 464 1456 cibo
492 1392 544 1455 vel
567 1392 642 1456 vino
670 1393 774 1481 ignari
804 1395 869 1458 exi-

14 1518 16 1588 g
65 1519 90 1564 11
124 1505 243 1561 stentes
258 1497 293 1561 in
307 1495 454 1561 omnibus
470 1494 630 1560 dicuntur.
671 1520 751 1580 quae
766 1498 870 1583 patria

14 1593 15 1640 ³
66 1623 91 1668 12
124 1621 218 1685 super
239 1623 349 1665 omnes
371 1599 490 1687 frigida
512 1623 582 1664 esse
605 1600 786 1666 ascribitur.

13 1706 15 1814 l
67 1727 92 1771 13
155 1701 205 1770 13.
251 1702 373 1768 Iterum
393 1705 483 1768 iuxta
505 1704 593 1789 ipsos
604 1703 818 1771 Ssrdefennos
832 1707 870 1770 li-

67 1831 92 1874 14
123 1816 174 1871 tus
197 1804 321 1872 Oceani
349 1816 398 1872 cst
426 1809 531 1893 patria
558 1831 639 1893 quae
663 1808 781 1874 dicitur
802 1809 870 1874 Da·

66 1935 91 1980 15
124 1911 184 1974 nis.
235 1933 318 1994 quae
344 1913 448 1997 putria
475 1921 512 1977 ut
540 1913 585 1977 ait
612 1936 710 1998 supra
731 1913 870 1998 scriptus

66 2039 91 2086 16
123 2013 332 2080 Aitansridus
349 2025 381 2079 et
394 2009 592 2083 Eldcvaldus
608 2027 641 2082 et
655 2017 870 2082 Marcomirus

65 2145 90 2188 17
124 2117 306 2184 Gothorum
327 2119 509 2204 philosophi
532 2143 627 2205 super
642 2143 752 2184 omnes
768 2121 870 2185 natio·

124 2309 348 2368 lprcnominstum
369 2308 393 2356 0.
441 2312 455 2357 8
476 2310 621 2369 inungabilis
638 2311 667 2356 A.
694 2309 704 2356 ll
728 2310 871 2357 adscribitur

122 2378 186 2426 editi.
214 2380 223 2426 ΙΙ
245 2385 303 2438 port
320 2381 447 2426 ascribitur
467 2379 557 2428 cada.
576 2381 605 2426 ds
622 2381 871 2439 patriurcrsfsnorum

122 2455 146 2496 et
162 2450 340 2498 sirdisenorum.
396 2451 528 2498 tuithism
540 2449 587 2508 Ac,
607 2451 687 2510 sithyd
705 2451 735 2496 Β.
791 2452 871 2498 clte-

121 2521 267 2567 rcfrcnorum
285 2521 350 2579 editi,
376 2522 549 2568 rcrifenncrum
569 2519 615 2578 Gis,
634 2523 811 2581 reriphcnorum
831 2523 870 2569 θ’.

122 2591 330 2638 llsccrdifeuorum
355 2592 393 2650 (3²,
421 2593 619 2640 scerdiicrnorum
644 2591 681 2650 θ’,
709 2594 871 2640 scordifenno-

122 2675 174 2708 rum
194 2657 231 2708 (is.
286 2664 300 2708 7
326 2669 369 2724 ayt
388 2662 412 2710 G.
439 2663 449 2709 ll
474 2664 607 2711 arthansrit
631 2661 655 2721 O,
684 2665 823 2710 athanarich
843 2664 870 2711 G.

122 2733 132 2778 ΙΙ
146 2737 268 2792 gottorum
298 2731 321 2778 0.
406 2735 421 2780 8
448 2735 558 2781 habiture
584 2734 640 2791 AB,
668 2735 780 2782 habitunt
806 2735 870 2781 editi.

124 2805 138 2848 9
165 2805 222 2862 pcrl
239 2815 283 2862 pur
300 2805 329 2849 A.
356 2803 366 2848 ll
391 2806 542 2852 venationum
561 2804 585 2852 0.
613 2805 623 2851 ΙΙ
649 2807 780 2864 quamque]
800 2819 871 2864 quum

124 2871 143 2920 G
158 2873 224 2930 editi,
251 2871 285 2933 cf.
299 2875 332 2920 19
352 2875 394 2920 12.
451 2877 480 2921 11
511 2877 633 2932 dicuntur]
653 2876 696 2923 dic
713 2874 737 2934 0,
765 2889 809 2921 cm.
828 2878 872 2922 AB

123 2944 187 2990 edici.
244 2945 275 2990 12
295 2945 408 3005 frigidum
423 2944 446 2992 O.
468 2947 477 2991 ll
503 2947 646 2993 adscribitur
663 2947 727 2993 editi.
779 2948 872 2994 13111·-

124 3015 232 3061 dilenncs
244 3013 498 3073 0,εοοῐ<1θῐεῃυοεθῦΐ,
510 3017 682 3076 scsrdephsuos
694 3017 731 3064 θ’.
770 3018 801 3065 15
815 3019 872 3064 scri·

124 3089 191 3145 ptus]
211 3087 290 3133 dictus
313 3085 337 3134 0.
403 3088 434 3133 16
462 3089 609 3134 attduuridus
627 3086 673 3146 Aa,
701 3087 872 3136 Aithunaridus

126 3156 189 3214 editi,
208 3158 348 3204 athanarich
362 3157 390 3204 G.
413 3157 423 3204 ΙΙ
449 3157 584 3205 ildebaldus
599 3157 626 3204 G.
653 3159 663 3204 ll
689 3164 713 3205 ct
726 3160 872 3216 (unthar-

126 3230 240 3282 omnim)
259 3230 329 3274 otiam
354 3228 386 3286 G,
424 3243 470 3288 quo
493 3229 545 3286 AB,
582 3229 627 3275 cho
645 3227 668 3275 G.
696 3229 706 3274 ΙΙ
730 3231 872 3277 marchomi-

126 3312 165 3343 rus
184 3298 223 3344 θ’.
281 3301 311 3345 17
334 3305 455 3359 gottorum
475 3298 499 3346 0.
556 3351 558 3353 ,
