2234 3842
458 574 614 661 Tergeste

458 678 659 742 Alessieeion

458 781 656 846 Foroiulium

456 883 600 949 Pueiolis

459 987 612 1070 Aquileia
633 985 751 1052 nobilis
781 996 814 1052 et
836 989 912 1052 olim
933 987 1045 1052 inolita:

258 1113 272 1156 1
309 1091 393 1155 hane
415 1090 521 1156 Attila
542 1089 747 1155 saevissimus
770 1089 858 1176 cepit
880 1100 911 1155 et
932 1089 1034 1154 diruit:

258 1218 272 1262 a
459 1191 642 1259 Concordia

258 1322 272 1365 a
459 1297 605 1362 Altinum

241 1426 272 1471 ιο
458 1399 639 1464 Trabitium
1100 1483 1101 1488 ἵ

242 1531 272 1575 11
462 1503 643 1585 Patavium,
666 1525 763 1587 quam
784 1504 912 1590 elapsus
927 1505 1047 1570 Achivis
1099 1491 1101 1568 i

243 1633 273 1678 12
309 1608 556 1672 Antenor....
1099 1585 1101 1610 ¹

243 1737 273 1782 ra
459 1711 558 1776 Mons
581 1711 691 1796 sylieis

243 1839 273 1884 14
459 1815 596 1880 Prosilia

242 1940 273 1985 15
459 1917 619 1983 Adestum

243 2044 274 2088 re
460 2021 690 2108 Adrianopolis
713 2030 746 2086 et
766 2023 943 2106 praemissa

242 2148 273 2192 17
460 2126 625 2192 Ravenna.

242 2253 274 2298 18
354 2231 418 2296 Per
450 2231 580 2296 sinuosa
618 2230 718 2316 igitur
753 2229 850 2294 litora
881 2230 1048 2296 Dalmatiae
1101 2315 1102 2318 Ἴ

244 2355 274 2400 19
309 2334 487 2400 Liburniae
516 2343 549 2398 et
576 2331 787 2397 Venetiarum
818 2357 838 2398 a
865 2334 1049 2420 praescripta
1101 2349 1102 2372 1

242 2457 274 2502 ao
310 2438 390 2504 urbe
417 2436 618 2524 Epidaurum
646 2455 732 2500 nune
754 2437 946 2502 Diraehium
972 2435 1048 2502 vide·
1101 2473 1102 2528 j

243 2558 273 2602 21
310 2542 388 2606 licet
410 2563 511 2625 usque
535 2539 577 2604 ad
599 2563 695 2625 saepe
720 2539 841 2606 dietam
862 2541 974 2607 urbem
993 2540 1048 2606 Ra·
1101 2595 1102 2598 ,

243 2662 275 2708 aa
311 2669 448 2710 vennam
476 2644 625 2708 civitates
657 2653 733 2709 sunt
758 2664 839 2711 Lxxll
868 2655 901 2711 et
928 2647 1048 2712 miliaria
1101 2709 1102 2712 ,

243 2767 275 2814 aa
310 2771 463 2834 passuum
484 2748 572 2812 mille
593 2767 644 2812 xv1
665 2748 869 2834 eolligrmtur.

237 321 290 376 Md

259 492 271 535 1
335 467 407 537 117.
453 467 567 556 Capris
622 463 625 470 ’

257 597 272 744 i

257 804 272 848 1

258 907 272 950 a

257 1011 272 1054 a

347 3096 420 3142 codex
438 3095 459 3141 b.
755 3093 789 3155 cf.
801 3097 862 3142 Rae·
875 3097 928 3143 382
946 3097 977 3142 10
988 3111 1017 3155 aq.

314 3201 346 3246 22
374 3204 458 3256 nxxul
476 3205 531 3246 aaut
548 3203 699 3262 septuaginta
715 3216 770 3246 aaa.
