2234 3842
259 493 271 536 1
461 468 613 534 Parasica

258 595 272 640 a
461 571 594 637 Colonia

258 697 273 742 e
461 675 590 740 Zaeeha

258 801 273 844 4
461 779 711 844 Monumentum
733 777 878 844 Annibal

258 903 272 949 t
460 881 574 948 Manat

258 1009 272 1054 s
461 987 607 1051 Tacatua

259 1113 273 1158 ⁷
460 1089 636 1156 Suluecum

258 1215 272 1260 s
462 1193 580 1279 Ypona
601 1195 701 1281 regia,
729 1195 764 1258 in
786 1215 850 1276 qua
872 1189 1047 1278 gloriosissi·
1096 1211 1097 1244 1

258 1317 272 1362 a
310 1319 381 1362 mus
405 1306 437 1362 et
459 1297 602 1362 omnium
617 1296 731 1362 doctor
752 1295 934 1361 affluentior
948 1293 1046 1358 doctor
1096 1349 1097 1356 ,

242 1419 272 1463 10
310 1401 531 1467 sanctissimus
553 1399 753 1486 resplenduit
773 1399 985 1486 Augustinus.
1096 1393 1097 1462 ζ

241 1525 271 1568 11
460 1503 588 1570 ussus.
635 1589 637 1598 Ι
1095 1469 1097 1592 t

241 1629 272 1673 12
353 1608 458 1694 Igitur
480 1631 499 1671 a
521 1608 652 1672 civitate
673 1607 816 1693 praelata
837 1604 974 1671 Cesarea
987 1603 1046 1666 Au·
1095 1597 1097 1670 i

241 1732 272 1776 1s
310 1719 449 1804 gustans
470 1733 571 1794 usque
594 1710 637 1775 ad
658 1711 741 1776 hane
763 1711 969 1796 praemissam
986 1705 1047 1772 Ub-
1095 1699 1097 1768 i

241 1834 273 1878 11
309 1813 385 1879 bum
409 1837 467 1899 per
493 1837 551 1878 ora
577 1815 674 1880 maris
698 1815 845 1878 civitates
868 1821 944 1878 sunt
967 1831 1002 1876 nx
1021 1819 1047 1874 et
1095 1771 1097 1866 i

240 1941 272 1986 15
311 1925 527 2004 supputantur
549 1917 685 1982 miliaria
705 1919 792 1982 mille
815 1915 1003 2001 quindecim.
1096 1911 1097 1990 i

241 2043 272 2088 16
343 2020 397 2087 87.
442 2021 614 2086 Praeterea
635 2029 710 2106 post
730 2021 789 2086 has
813 2022 959 2108 civitates
982 2026 1024 2082 est

240 2149 271 2194 17
459 2115 672 2190 Armeniacus
1096 2127 1097 2130 ’

240 2254 271 2298 1s
458 2229 561 2294 Biana

240 2359 271 2403 19
460 2331 587 2396 Tunida

239 2461 271 2507 20
459 2435 629 2501 Tabraeha

239 2567 270 2613 21
458 2539 662 2624 Ipposretum

239 2669 271 2716 11
460 2644 583 2708 Tumsa

238 2775 271 2820 23
459 2747 641 2812 Menbrona

239 2879 272 2922 24
457 2851 558 2916 Utica

461 2953 592 3019 Gallum
615 2954 841 3040 gallinaceium
928 3015 931 3025 Δ

344 3179 416 3224 codes
435 3177 457 3224 b.
769 3177 803 3238 cf.
816 3180 877 3226 Rev.
891 3180 942 3226 347
961 3179 975 3223 7
986 3193 1014 3238 sq.

311 3301 342 3346 14
369 3302 417 3355 nxl
436 3307 490 3346 sunt
508 3303 679 3362 quin-quaginta
696 3306 790 3359 septem.
