<?xml version="1.0" encoding="UTF-8"?>
<!DOCTYPE html PUBLIC "-//W3C//DTD XHTML 1.0 Transitional//EN"
    "http://www.w3.org/TR/xhtml1/DTD/xhtml1-transitional.dtd">
<html xmlns="http://www.w3.org/1999/xhtml" xml:lang="en" lang="en">
 <head>
  <title>
</title>
<meta http-equiv="Content-Type" content="text/html;charset=utf-8" />
  <meta name='ocr-system' content='tesseract 3.04.00' />
  <meta name='ocr-capabilities' content='ocr_page ocr_carea ocr_par ocr_line ocrx_word'/>
</head>
<body>
  <div class='ocr_page' id='page_1' title='image "./ravennatisanony02ravegoog/ravennatisanony02ravegoog_0584.png"; bbox 0 0 2234 3842; ppageno 0'>
   <div class='ocr_carea' id='block_1_1' title="bbox 1 325 899 2550">
    <p class='ocr_par' dir='ltr' id='par_1_1' title="bbox 1 325 897 660">
     <span class='ocr_line' id='line_1_1' title="bbox 1 325 896 422; baseline 0.006 -48"><span class='ocrx_word' id='word_1_1' title='bbox 1 365 3 422; x_wconf 57' lang='lat' dir='ltr'>y</span> <span class='ocrx_word' id='word_1_2' title='bbox 70 339 155 375; x_wconf 83' lang='lat' dir='ltr'>ovmo</span> <span class='ocrx_word' id='word_1_3' title='bbox 178 327 227 374; x_wconf 77' lang='lat'>125</span> <span class='ocrx_word' id='word_1_4' title='bbox 845 325 896 380; x_wconf 79' lang='lat'>551</span> 
     </span>
     <span class='ocr_line' id='line_1_2' title="bbox 1 470 897 556; baseline 0.001 -19"><span class='ocrx_word' id='word_1_5' title='bbox 1 506 2 545; x_wconf 63' lang='grc' dir='ltr'><strong>ς</strong></span> <span class='ocrx_word' id='word_1_6' title='bbox 93 493 107 538; x_wconf 95' lang='lat'>1</span> <span class='ocrx_word' id='word_1_7' title='bbox 146 471 285 537; x_wconf 91' lang='lat' dir='ltr'>sioribus</span> <span class='ocrx_word' id='word_1_8' title='bbox 309 470 433 536; x_wconf 87' lang='lat' dir='ltr'>scilicet</span> <span class='ocrx_word' id='word_1_9' title='bbox 455 471 511 555; x_wconf 93' lang='lat' dir='ltr'>qui</span> <span class='ocrx_word' id='word_1_10' title='bbox 537 472 761 556; x_wconf 71' lang='lat' dir='ltr'>pertinenter&lt;</span> <span class='ocrx_word' id='word_1_11' title='bbox 782 473 897 538; x_wconf 90' lang='lat' dir='ltr'>monti-</span> 
     </span>
     <span class='ocr_line' id='line_1_3' title="bbox 1 571 897 660; baseline -0.002 -18"><span class='ocrx_word' id='word_1_12' title='bbox 1 579 2 588; x_wconf 75' lang='grc'>’</span> <span class='ocrx_word' id='word_1_13' title='bbox 92 595 109 642; x_wconf 78' lang='lat'>1</span> <span class='ocrx_word' id='word_1_14' title='bbox 144 574 207 640; x_wconf 92' lang='lat' dir='ltr'>bus</span> <span class='ocrx_word' id='word_1_15' title='bbox 232 572 360 660; x_wconf 82' lang='lat' dir='ltr'>Caspiis</span> <span class='ocrx_word' id='word_1_16' title='bbox 390 583 423 638; x_wconf 90' lang='lat' dir='ltr'>et</span> <span class='ocrx_word' id='word_1_17' title='bbox 446 571 634 654; x_wconf 82' lang='lat' dir='ltr'>Caucaseis3</span> <span class='ocrx_word' id='word_1_18' title='bbox 665 576 720 658; x_wconf 93' lang='lat' dir='ltr'>qui</span> <span class='ocrx_word' id='word_1_19' title='bbox 746 574 897 640; x_wconf 88' lang='lat' dir='ltr'>videlicet</span> 
     </span>
    </p>

    <p class='ocr_par' dir='ltr' id='par_1_2' title="bbox 1 675 899 2550">
     <span class='ocr_line' id='line_1_4' title="bbox 91 675 898 763; baseline -0.004 -17"><span class='ocrx_word' id='word_1_20' title='bbox 91 701 109 746; x_wconf 84' lang='lat' dir='ltr'>a</span> <span class='ocrx_word' id='word_1_21' title='bbox 144 676 263 742; x_wconf 85' lang='lat' dir='ltr'>fluvius</span> <span class='ocrx_word' id='word_1_22' title='bbox 279 677 398 742; x_wconf 81' lang='lat' dir='ltr'>Tanais</span> <span class='ocrx_word' id='word_1_23' title='bbox 421 678 455 742; x_wconf 92' lang='lat' dir='ltr'>in</span> <span class='ocrx_word' id='word_1_24' title='bbox 473 675 629 742; x_wconf 89' lang='lat' dir='ltr'>Meotidis</span> <span class='ocrx_word' id='word_1_25' title='bbox 644 677 816 763; x_wconf 89' lang='lat' dir='ltr'>paludibus</span> <span class='ocrx_word' id='word_1_26' title='bbox 839 701 898 743; x_wconf 92' lang='lat' dir='ltr'>sua</span> 
     </span>
     <span class='ocr_line' id='line_1_5' title="bbox 1 776 897 866; baseline 0.003 -23"><span class='ocrx_word' id='word_1_27' title='bbox 1 776 2 780; x_wconf 58' lang='grc'>’</span> <span class='ocrx_word' id='word_1_28' title='bbox 90 804 109 850; x_wconf 82' lang='lat'>4</span> <span class='ocrx_word' id='word_1_29' title='bbox 144 779 278 866; x_wconf 77' lang='lat' dir='ltr'>deponit</span> <span class='ocrx_word' id='word_1_30' title='bbox 306 779 436 844; x_wconf 85' lang='lat' dir='ltr'>fluenta.</span> <span class='ocrx_word' id='word_1_31' title='bbox 481 780 523 845; x_wconf 90' lang='lat' dir='ltr'>ad</span> <span class='ocrx_word' id='word_1_32' title='bbox 550 791 674 866; x_wconf 88' lang='lat' dir='ltr'>partem</span> <span class='ocrx_word' id='word_1_33' title='bbox 695 803 777 858; x_wconf 12' lang='lat' dir='ltr'>‘vero</span> <span class='ocrx_word' id='word_1_34' title='bbox 803 782 897 846; x_wconf 88' lang='lat' dir='ltr'>meri-</span> 
     </span>
     <span class='ocr_line' id='line_1_6' title="bbox 91 882 897 967; baseline -0.004 -16"><span class='ocrx_word' id='word_1_35' title='bbox 91 905 107 951; x_wconf 80' lang='lat'><strong>5</strong></span> <span class='ocrx_word' id='word_1_36' title='bbox 144 882 274 947; x_wconf 90' lang='lat' dir='ltr'>dianam</span> <span class='ocrx_word' id='word_1_37' title='bbox 288 883 387 948; x_wconf 89' lang='lat' dir='ltr'>habet</span> <span class='ocrx_word' id='word_1_38' title='bbox 399 884 496 948; x_wconf 90' lang='lat' dir='ltr'>finem</span> <span class='ocrx_word' id='word_1_39' title='bbox 510 907 597 950; x_wconf 90' lang='lat' dir='ltr'>mare</span> <span class='ocrx_word' id='word_1_40' title='bbox 611 884 762 965; x_wconf 77' lang='lat' dir='ltr'>Pontum,</span> <span class='ocrx_word' id='word_1_41' title='bbox 783 885 817 947; x_wconf 89' lang='lat' dir='ltr'>in</span> <span class='ocrx_word' id='word_1_42' title='bbox 833 905 897 967; x_wconf 92' lang='lat' dir='ltr'>quo</span> 
     </span>
     <span class='ocr_line' id='line_1_7' title="bbox 92 985 897 1074; baseline -0.004 -20"><span class='ocrx_word' id='word_1_43' title='bbox 92 1011 107 1054; x_wconf 84' lang='lat' dir='ltr'>a</span> <span class='ocrx_word' id='word_1_44' title='bbox 143 987 362 1072; x_wconf 79' lang='lat' dir='ltr'>praescriptae</span> <span class='ocrx_word' id='word_1_45' title='bbox 377 985 544 1074; x_wconf 84' lang='lat' dir='ltr'>Meotidae</span> <span class='ocrx_word' id='word_1_46' title='bbox 554 987 688 1072; x_wconf 93' lang='lat' dir='ltr'>paludes</span> <span class='ocrx_word' id='word_1_47' title='bbox 700 986 848 1069; x_wconf 80' lang='lat' dir='ltr'>influunt,</span> <span class='ocrx_word' id='word_1_48' title='bbox 864 995 897 1051; x_wconf 90' lang='lat' dir='ltr'>et</span> 
     </span>
     <span class='ocr_line' id='line_1_8' title="bbox 93 1089 898 1176; baseline -0.007 -18"><span class='ocrx_word' id='word_1_49' title='bbox 93 1113 107 1158; x_wconf 79' lang='lat' dir='ltr'>r</span> <span class='ocrx_word' id='word_1_50' title='bbox 144 1099 319 1176; x_wconf 83' lang='lat' dir='ltr'>angustum</span> <span class='ocrx_word' id='word_1_51' title='bbox 341 1089 429 1172; x_wconf 91' lang='lat' dir='ltr'>quod</span> <span class='ocrx_word' id='word_1_52' title='bbox 444 1089 484 1154; x_wconf 90' lang='lat' dir='ltr'>de</span> <span class='ocrx_word' id='word_1_53' title='bbox 498 1090 604 1155; x_wconf 88' lang='lat' dir='ltr'>Ponto</span> <span class='ocrx_word' id='word_1_54' title='bbox 618 1091 652 1154; x_wconf 89' lang='lat' dir='ltr'>in</span> <span class='ocrx_word' id='word_1_55' title='bbox 667 1089 898 1175; x_wconf 80' lang='lat' dir='ltr'>Propontidem</span> 
     </span>
     <span class='ocr_line' id='line_1_9' title="bbox 91 1190 897 1278; baseline -0.002 -19"><span class='ocrx_word' id='word_1_56' title='bbox 91 1215 106 1260; x_wconf 86' lang='lat' dir='ltr'>a</span> <span class='ocrx_word' id='word_1_57' title='bbox 143 1193 236 1257; x_wconf 85' lang='lat' dir='ltr'>iuxta</span> <span class='ocrx_word' id='word_1_58' title='bbox 250 1191 364 1256; x_wconf 86' lang='lat' dir='ltr'>urbem</span> <span class='ocrx_word' id='word_1_59' title='bbox 379 1190 691 1278; x_wconf 80' lang='lat' dir='ltr'>Constantinopolim</span> <span class='ocrx_word' id='word_1_60' title='bbox 707 1191 897 1278; x_wconf 84' lang='lat' dir='ltr'>ingreditur,</span> 
     </span>
     <span class='ocr_line' id='line_1_10' title="bbox 92 1294 898 1383; baseline -0.005 -19"><span class='ocrx_word' id='word_1_61' title='bbox 92 1319 106 1364; x_wconf 86' lang='lat' dir='ltr'>a</span> <span class='ocrx_word' id='word_1_62' title='bbox 145 1294 234 1378; x_wconf 90' lang='lat' dir='ltr'>quod</span> <span class='ocrx_word' id='word_1_63' title='bbox 249 1295 373 1360; x_wconf 89' lang='lat' dir='ltr'>scilicet</span> <span class='ocrx_word' id='word_1_64' title='bbox 386 1296 420 1358; x_wconf 89' lang='lat' dir='ltr'>in</span> <span class='ocrx_word' id='word_1_65' title='bbox 433 1296 584 1383; x_wconf 81' lang='lat' dir='ltr'>pelagum</span> <span class='ocrx_word' id='word_1_66' title='bbox 598 1295 801 1360; x_wconf 82' lang='lat' dir='ltr'>Adriaticum</span> <span class='ocrx_word' id='word_1_67' title='bbox 815 1319 898 1360; x_wconf 90' lang='lat' dir='ltr'>mer-</span> 
     </span>
     <span class='ocr_line' id='line_1_11' title="bbox 74 1398 897 1484; baseline -0.005 -16"><span class='ocrx_word' id='word_1_68' title='bbox 74 1423 106 1469; x_wconf 90' lang='lat' dir='ltr'>1o</span> <span class='ocrx_word' id='word_1_69' title='bbox 144 1399 194 1484; x_wconf 82' lang='lat' dir='ltr'>git</span> <span class='ocrx_word' id='word_1_70' title='bbox 215 1399 272 1482; x_wconf 91' lang='lat' dir='ltr'>qui</span> <span class='ocrx_word' id='word_1_71' title='bbox 290 1399 466 1482; x_wconf 91' lang='lat' dir='ltr'>antiquitus</span> <span class='ocrx_word' id='word_1_72' title='bbox 481 1399 610 1464; x_wconf 91' lang='lat' dir='ltr'>Ionicus</span> <span class='ocrx_word' id='word_1_73' title='bbox 631 1399 759 1480; x_wconf 82' lang='lat' dir='ltr'>dicitur,</span> <span class='ocrx_word' id='word_1_74' title='bbox 781 1398 897 1464; x_wconf 90' lang='lat' dir='ltr'>deinde</span> 
     </span>
     <span class='ocr_line' id='line_1_12' title="bbox 75 1500 898 1589; baseline -0.005 -19"><span class='ocrx_word' id='word_1_75' title='bbox 75 1525 106 1570; x_wconf 92' lang='lat'>11</span> <span class='ocrx_word' id='word_1_76' title='bbox 145 1524 273 1585; x_wconf 91' lang='lat' dir='ltr'>quoque</span> <span class='ocrx_word' id='word_1_77' title='bbox 289 1503 394 1566; x_wconf 89' lang='lat' dir='ltr'>sinum</span> <span class='ocrx_word' id='word_1_78' title='bbox 405 1501 519 1567; x_wconf 89' lang='lat' dir='ltr'>Italiae</span> <span class='ocrx_word' id='word_1_79' title='bbox 530 1502 764 1589; x_wconf 83' lang='lat' dir='ltr'>Tyrrhenicum</span> <span class='ocrx_word' id='word_1_80' title='bbox 775 1512 807 1566; x_wconf 88' lang='lat' dir='ltr'>et</span> <span class='ocrx_word' id='word_1_81' title='bbox 819 1500 898 1566; x_wconf 85' lang='lat' dir='ltr'>Gal-</span> 
     </span>
     <span class='ocr_line' id='line_1_13' title="bbox 75 1605 897 1692; baseline -0.009 -18"><span class='ocrx_word' id='word_1_82' title='bbox 75 1629 107 1675; x_wconf 76' lang='lat'>12</span> <span class='ocrx_word' id='word_1_83' title='bbox 143 1605 254 1687; x_wconf 85' lang='lat' dir='ltr'>licum,</span> <span class='ocrx_word' id='word_1_84' title='bbox 277 1605 556 1670; x_wconf 85' lang='lat' dir='ltr'>sinumValeriaeo</span> <span class='ocrx_word' id='word_1_85' title='bbox 570 1607 748 1692; x_wconf 87' lang='lat' dir='ltr'>Hispaniae</span> <span class='ocrx_word' id='word_1_86' title='bbox 765 1605 897 1668; x_wconf 83' lang='lat' dir='ltr'>fretum-</span> 
     </span>
     <span class='ocr_line' id='line_1_14' title="bbox 74 1707 898 1792; baseline -0.007 -14"><span class='ocrx_word' id='word_1_87' title='bbox 74 1733 106 1778; x_wconf 88' lang='lat'>13</span> <span class='ocrx_word' id='word_1_88' title='bbox 145 1731 208 1792; x_wconf 90' lang='lat' dir='ltr'>que</span> <span class='ocrx_word' id='word_1_89' title='bbox 224 1707 432 1774; x_wconf 84' lang='lat' dir='ltr'>Gaditanum.</span> <span class='ocrx_word' id='word_1_90' title='bbox 471 1709 526 1792; x_wconf 91' lang='lat' dir='ltr'>qui</span> <span class='ocrx_word' id='word_1_91' title='bbox 545 1708 697 1773; x_wconf 87' lang='lat' dir='ltr'>videlicet</span> <span class='ocrx_word' id='word_1_92' title='bbox 710 1708 784 1772; x_wconf 88' lang='lat' dir='ltr'>finis</span> <span class='ocrx_word' id='word_1_93' title='bbox 801 1709 898 1772; x_wconf 92' lang='lat' dir='ltr'>etiam</span> 
     </span>
     <span class='ocr_line' id='line_1_15' title="bbox 75 1811 897 1898; baseline -0.006 -18"><span class='ocrx_word' id='word_1_94' title='bbox 75 1835 108 1880; x_wconf 82' lang='lat'>14</span> <span class='ocrx_word' id='word_1_95' title='bbox 145 1811 378 1877; x_wconf 87' lang='lat' dir='ltr'>occidentalem</span> <span class='ocrx_word' id='word_1_96' title='bbox 399 1813 529 1898; x_wconf 83' lang='lat' dir='ltr'>plagam</span> <span class='ocrx_word' id='word_1_97' title='bbox 550 1813 584 1876; x_wconf 95' lang='lat' dir='ltr'>in</span> <span class='ocrx_word' id='word_1_98' title='bbox 607 1835 642 1878; x_wconf 91' lang='lat' dir='ltr'>se</span> <span class='ocrx_word' id='word_1_99' title='bbox 665 1812 897 1898; x_wconf 88' lang='lat' dir='ltr'>complectitur.</span> 
     </span>
     <span class='ocr_line' id='line_1_16' title="bbox 75 1915 898 2002; baseline -0.002 -20"><span class='ocrx_word' id='word_1_100' title='bbox 75 1943 107 1988; x_wconf 79' lang='lat'>15</span> <span class='ocrx_word' id='word_1_101' title='bbox 178 1915 251 1984; x_wconf 78' lang='grc'><strong>125.</strong></span> <span class='ocrx_word' id='word_1_102' title='bbox 297 1915 571 2001; x_wconf 85' lang='lat' dir='ltr'>Septentriouales</span> <span class='ocrx_word' id='word_1_103' title='bbox 593 1916 743 2002; x_wconf 85' lang='lat' dir='ltr'>Europae</span> <span class='ocrx_word' id='word_1_104' title='bbox 770 1916 898 1980; x_wconf 89' lang='lat' dir='ltr'>termini</span> 
     </span>
     <span class='ocr_line' id='line_1_17' title="bbox 75 2017 898 2106; baseline -0.007 -16"><span class='ocrx_word' id='word_1_105' title='bbox 75 2045 108 2090; x_wconf 83' lang='lat'>16</span> <span class='ocrx_word' id='word_1_106' title='bbox 147 2029 226 2084; x_wconf 89' lang='lat' dir='ltr'>sunt</span> <span class='ocrx_word' id='word_1_107' title='bbox 245 2017 396 2085; x_wconf 87' lang='lat' dir='ltr'>Oceanus</span> <span class='ocrx_word' id='word_1_108' title='bbox 420 2019 475 2104; x_wconf 91' lang='lat' dir='ltr'>qui</span> <span class='ocrx_word' id='word_1_109' title='bbox 496 2021 603 2106; x_wconf 85' lang='lat' dir='ltr'>tangit</span> <span class='ocrx_word' id='word_1_110' title='bbox 618 2019 785 2106; x_wconf 86' lang='lat' dir='ltr'>Scythiam</span> <span class='ocrx_word' id='word_1_111' title='bbox 807 2021 898 2086; x_wconf 89' lang='lat' dir='ltr'>here-</span> 
     </span>
     <span class='ocr_line' id='line_1_18' title="bbox 74 2121 898 2209; baseline -0.007 -15"><span class='ocrx_word' id='word_1_112' title='bbox 74 2149 108 2194; x_wconf 72' lang='grc' dir='ltr'>ιτ</span> <span class='ocrx_word' id='word_1_113' title='bbox 146 2147 280 2189; x_wconf 90' lang='lat' dir='ltr'>mosam.</span> <span class='ocrx_word' id='word_1_114' title='bbox 324 2123 358 2188; x_wconf 93' lang='lat' dir='ltr'>in</span> <span class='ocrx_word' id='word_1_115' title='bbox 373 2124 484 2209; x_wconf 90' lang='lat' dir='ltr'>primis</span> <span class='ocrx_word' id='word_1_116' title='bbox 502 2121 637 2209; x_wconf 88' lang='lat' dir='ltr'>Scythia</span> <span class='ocrx_word' id='word_1_117' title='bbox 651 2147 733 2209; x_wconf 89' lang='lat' dir='ltr'>quae</span> <span class='ocrx_word' id='word_1_118' title='bbox 747 2127 781 2189; x_wconf 90' lang='lat' dir='ltr'>in</span> <span class='ocrx_word' id='word_1_119' title='bbox 796 2125 898 2190; x_wconf 92' lang='lat' dir='ltr'>omni·</span> 
     </span>
     <span class='ocr_line' id='line_1_19' title="bbox 75 2227 898 2312; baseline -0.009 -13"><span class='ocrx_word' id='word_1_120' title='bbox 75 2253 108 2298; x_wconf 86' lang='lat'>18</span> <span class='ocrx_word' id='word_1_121' title='bbox 146 2229 208 2294; x_wconf 88' lang='lat' dir='ltr'>bus</span> <span class='ocrx_word' id='word_1_122' title='bbox 224 2227 391 2292; x_wconf 89' lang='lat' dir='ltr'>heremosa</span> <span class='ocrx_word' id='word_1_123' title='bbox 412 2227 531 2291; x_wconf 84' lang='lat' dir='ltr'>existit.</span> <span class='ocrx_word' id='word_1_124' title='bbox 575 2229 705 2312; x_wconf 90' lang='lat' dir='ltr'>ponitur</span> <span class='ocrx_word' id='word_1_125' title='bbox 719 2237 826 2292; x_wconf 88' lang='lat' dir='ltr'>autem</span> <span class='ocrx_word' id='word_1_126' title='bbox 840 2249 898 2312; x_wconf 90' lang='lat' dir='ltr'>per</span> 
     </span>
     <span class='ocr_line' id='line_1_20' title="bbox 76 2328 899 2413; baseline -0.009 -12"><span class='ocrx_word' id='word_1_127' title='bbox 76 2357 108 2401; x_wconf 81' lang='lat'>19</span> <span class='ocrx_word' id='word_1_128' title='bbox 147 2356 205 2396; x_wconf 88' lang='lat' dir='ltr'>ora</span> <span class='ocrx_word' id='word_1_129' title='bbox 236 2332 340 2395; x_wconf 87' lang='lat' dir='ltr'>litoris</span> <span class='ocrx_word' id='word_1_130' title='bbox 369 2328 493 2396; x_wconf 85' lang='lat' dir='ltr'>Oceani</span> <span class='ocrx_word' id='word_1_131' title='bbox 522 2331 779 2413; x_wconf 89' lang='lat' dir='ltr'>septentrionalis</span> <span class='ocrx_word' id='word_1_132' title='bbox 808 2331 899 2395; x_wconf 85' lang='lat' dir='ltr'>iuxta</span> 
     </span>
     <span class='ocr_line' id='line_1_21' title="bbox 75 2433 898 2550; baseline -0.009 -45"><span class='ocrx_word' id='word_1_133' title='bbox 75 2460 108 2505; x_wconf 80' lang='lat'>20</span> <span class='ocrx_word' id='word_1_134' title='bbox 147 2445 273 2500; x_wconf 91' lang='lat' dir='ltr'>montes</span> <span class='ocrx_word' id='word_1_135' title='bbox 296 2435 449 2550; x_wconf 74' lang='lat' dir='ltr'>Ripheos.</span> <span class='ocrx_word' id='word_1_136' title='bbox 500 2455 582 2516; x_wconf 91' lang='lat' dir='ltr'>quae</span> <span class='ocrx_word' id='word_1_137' title='bbox 611 2433 707 2498; x_wconf 90' lang='lat' dir='ltr'>etiam</span> <span class='ocrx_word' id='word_1_138' title='bbox 735 2434 831 2521; x_wconf 82' lang='lat' dir='ltr'>longe</span> <span class='ocrx_word' id='word_1_139' title='bbox 852 2435 898 2498; x_wconf 91' lang='lat' dir='ltr'>la-</span> 
     </span>
    </p>
   </div>
   <div class='ocr_carea' id='block_1_2' title="bbox 184 2683 905 2774">
    <p class='ocr_par' dir='ltr' id='par_1_3' title="bbox 184 2683 905 2774">
     <span class='ocr_line' id='line_1_22' title="bbox 184 2683 905 2774; baseline 0 -14"><span class='ocrx_word' id='word_1_140' title='bbox 184 2715 276 2761; x_wconf 82' lang='lat' dir='ltr'>oodices</span> <span class='ocrx_word' id='word_1_141' title='bbox 294 2713 342 2774; x_wconf 82' lang='lat' dir='ltr'>bfo.</span> <span class='ocrx_word' id='word_1_142' title='bbox 397 2711 430 2774; x_wconf 88' lang='lat' dir='ltr'>cf.</span> <span class='ocrx_word' id='word_1_143' title='bbox 442 2715 502 2759; x_wconf 82' lang='lat' dir='ltr'>Rau.</span> <span class='ocrx_word' id='word_1_144' title='bbox 516 2712 567 2758; x_wconf 85' lang='lat'>323</span> <span class='ocrx_word' id='word_1_145' title='bbox 587 2715 619 2758; x_wconf 87' lang='lat'>10</span> <span class='ocrx_word' id='word_1_146' title='bbox 632 2728 667 2773; x_wconf 79' lang='lat' dir='ltr'>sq.</span> <span class='ocrx_word' id='word_1_147' title='bbox 688 2720 709 2760; x_wconf 82' lang='lat' dir='ltr'>et</span> <span class='ocrx_word' id='word_1_148' title='bbox 728 2715 779 2760; x_wconf 86' lang='grc'><strong>168</strong></span> <span class='ocrx_word' id='word_1_149' title='bbox 799 2715 862 2774; x_wconf 80' lang='lat' dir='ltr'>Isq.</span> <span class='ocrx_word' id='word_1_150' title='bbox 899 2683 905 2690; x_wconf 79' lang='lat'><em>·</em></span> 
     </span>
    </p>
   </div>
   <div class='ocr_carea' id='block_1_3' title="bbox 148 2807 899 3295">
    <p class='ocr_par' dir='ltr' id='par_1_4' title="bbox 148 2807 899 3295">
     <span class='ocr_line' id='line_1_23' title="bbox 150 2807 897 2869; baseline -0.001 -14"><span class='ocrx_word' id='word_1_151' title='bbox 150 2811 165 2855; x_wconf 78' lang='lat'><strong>3</strong></span> <span class='ocrx_word' id='word_1_152' title='bbox 192 2810 288 2855; x_wconf 86' lang='lat' dir='ltr'>thanais</span> <span class='ocrx_word' id='word_1_153' title='bbox 311 2823 332 2853; x_wconf 86' lang='lat' dir='ltr'>o.</span> <span class='ocrx_word' id='word_1_154' title='bbox 386 2809 396 2854; x_wconf 82' lang='lat' dir='ltr'>t</span> <span class='ocrx_word' id='word_1_155' title='bbox 439 2809 524 2854; x_wconf 88' lang='lat' dir='ltr'>meotis</span> <span class='ocrx_word' id='word_1_156' title='bbox 546 2823 568 2853; x_wconf 83' lang='lat' dir='ltr'>v.</span> <span class='ocrx_word' id='word_1_157' title='bbox 649 2811 663 2854; x_wconf 88' lang='grc'>7</span> <span class='ocrx_word' id='word_1_158' title='bbox 691 2809 835 2868; x_wconf 86' lang='lat' dir='ltr'>propontide</span> <span class='ocrx_word' id='word_1_159' title='bbox 862 2807 897 2869; x_wconf 80' lang='lat' dir='ltr'>bf.</span> 
     </span>
     <span class='ocr_line' id='line_1_24' title="bbox 151 2877 897 2940; baseline 0 -16"><span class='ocrx_word' id='word_1_160' title='bbox 151 2881 164 2924; x_wconf 87' lang='grc'>9</span> <span class='ocrx_word' id='word_1_161' title='bbox 193 2879 353 2925; x_wconf 84' lang='lat' dir='ltr'>hadriaticum</span> <span class='ocrx_word' id='word_1_162' title='bbox 371 2894 392 2924; x_wconf 83' lang='lat' dir='ltr'>v.</span> <span class='ocrx_word' id='word_1_163' title='bbox 458 2881 489 2925; x_wconf 89' lang='lat'>10</span> <span class='ocrx_word' id='word_1_164' title='bbox 517 2879 608 2924; x_wconf 90' lang='lat' dir='ltr'>ionium</span> <span class='ocrx_word' id='word_1_165' title='bbox 630 2893 652 2924; x_wconf 84' lang='lat' dir='ltr'>o.</span> <span class='ocrx_word' id='word_1_166' title='bbox 721 2880 751 2924; x_wconf 91' lang='lat'>11</span> <span class='ocrx_word' id='word_1_167' title='bbox 780 2878 854 2938; x_wconf 82' lang='lat' dir='ltr'>ytalie</span> <span class='ocrx_word' id='word_1_168' title='bbox 870 2877 897 2940; x_wconf 83' lang='lat' dir='ltr'>f.</span> 
     </span>
     <span class='ocr_line' id='line_1_25' title="bbox 149 2948 897 3010; baseline -0.001 -15"><span class='ocrx_word' id='word_1_169' title='bbox 149 2951 159 2995; x_wconf 86' lang='lat' dir='ltr'>ll</span> <span class='ocrx_word' id='word_1_170' title='bbox 171 2955 282 3009; x_wconf 88' lang='lat' dir='ltr'>tyrenum</span> <span class='ocrx_word' id='word_1_171' title='bbox 302 2948 329 3010; x_wconf 85' lang='lat' dir='ltr'>f,</span> <span class='ocrx_word' id='word_1_172' title='bbox 356 2954 478 3009; x_wconf 85' lang='lat' dir='ltr'>tyrranum</span> <span class='ocrx_word' id='word_1_173' title='bbox 505 2949 526 2994; x_wconf 86' lang='lat' dir='ltr'>b.</span> <span class='ocrx_word' id='word_1_174' title='bbox 630 2950 662 2994; x_wconf 82' lang='lat'>12</span> <span class='ocrx_word' id='word_1_175' title='bbox 690 2948 834 2995; x_wconf 76' lang='lat' dir='ltr'>valeriatico</span> <span class='ocrx_word' id='word_1_176' title='bbox 862 2948 897 3010; x_wconf 84' lang='lat' dir='ltr'>bf.</span> 
     </span>
     <span class='ocr_line' id='line_1_26' title="bbox 148 3018 897 3080; baseline 0 -14"><span class='ocrx_word' id='word_1_177' title='bbox 148 3021 159 3066; x_wconf 90' lang='grc' dir='ltr'>ΙΙ</span> <span class='ocrx_word' id='word_1_178' title='bbox 172 3021 289 3080; x_wconf 86' lang='lat' dir='ltr'>hyspanie</span> <span class='ocrx_word' id='word_1_179' title='bbox 302 3018 328 3079; x_wconf 89' lang='lat' dir='ltr'>f.</span> <span class='ocrx_word' id='word_1_180' title='bbox 355 3019 365 3066; x_wconf 97' lang='grc' dir='ltr'>ΙΙ</span> <span class='ocrx_word' id='word_1_181' title='bbox 390 3021 477 3066; x_wconf 82' lang='lat' dir='ltr'>fretum</span> <span class='ocrx_word' id='word_1_182' title='bbox 494 3034 516 3065; x_wconf 81' lang='lat' dir='ltr'>v.</span> <span class='ocrx_word' id='word_1_183' title='bbox 572 3021 603 3065; x_wconf 80' lang='lat'>13</span> <span class='ocrx_word' id='word_1_184' title='bbox 624 3021 677 3078; x_wconf 79' lang='lat' dir='ltr'>quil</span> <span class='ocrx_word' id='word_1_185' title='bbox 697 3033 790 3078; x_wconf 82' lang='lat' dir='ltr'>quaec,</span> <span class='ocrx_word' id='word_1_186' title='bbox 811 3034 856 3079; x_wconf 91' lang='lat' dir='ltr'>que</span> <span class='ocrx_word' id='word_1_187' title='bbox 875 3021 897 3066; x_wconf 85' lang='lat' dir='ltr'>b.</span> 
     </span>
     <span class='ocr_line' id='line_1_27' title="bbox 151 3088 899 3151; baseline -0.001 -14"><span class='ocrx_word' id='word_1_188' title='bbox 151 3092 183 3137; x_wconf 79' lang='lat'>15</span> <span class='ocrx_word' id='word_1_189' title='bbox 211 3090 398 3150; x_wconf 72' lang='lat' dir='ltr'>septentrionale</span> <span class='ocrx_word' id='word_1_190' title='bbox 425 3088 461 3151; x_wconf 84' lang='lat' dir='ltr'>bf.</span> <span class='ocrx_word' id='word_1_191' title='bbox 543 3091 575 3136; x_wconf 88' lang='grc'>16</span> <span class='ocrx_word' id='word_1_192' title='bbox 602 3103 718 3136; x_wconf 84' lang='lat' dir='ltr'>occeanus</span> <span class='ocrx_word' id='word_1_193' title='bbox 737 3089 771 3151; x_wconf 81' lang='lat' dir='ltr'>tf.</span> <span class='ocrx_word' id='word_1_194' title='bbox 809 3091 818 3136; x_wconf 97' lang='grc' dir='ltr'>ΙΙ</span> <span class='ocrx_word' id='word_1_195' title='bbox 853 3091 899 3136; x_wconf 90' lang='lat' dir='ltr'>sei·</span> 
     </span>
     <span class='ocr_line' id='line_1_28' title="bbox 150 3159 898 3221; baseline 0.001 -14"><span class='ocrx_word' id='word_1_196' title='bbox 150 3163 227 3208; x_wconf 86' lang='lat' dir='ltr'>thiam</span> <span class='ocrx_word' id='word_1_197' title='bbox 239 3159 265 3221; x_wconf 89' lang='lat' dir='ltr'>f,</span> <span class='ocrx_word' id='word_1_198' title='bbox 293 3161 416 3206; x_wconf 85' lang='lat' dir='ltr'>scientiam</span> <span class='ocrx_word' id='word_1_199' title='bbox 442 3161 464 3206; x_wconf 86' lang='lat' dir='ltr'>b.</span> <span class='ocrx_word' id='word_1_200' title='bbox 529 3161 560 3207; x_wconf 82' lang='lat'>11</span> <span class='ocrx_word' id='word_1_201' title='bbox 590 3161 676 3206; x_wconf 87' lang='lat' dir='ltr'>scithia</span> <span class='ocrx_word' id='word_1_202' title='bbox 699 3159 734 3220; x_wconf 84' lang='lat' dir='ltr'>bf.</span> <span class='ocrx_word' id='word_1_203' title='bbox 799 3161 830 3208; x_wconf 83' lang='grc'><strong>19</strong></span> <span class='ocrx_word' id='word_1_204' title='bbox 857 3161 898 3208; x_wconf 89' lang='lat' dir='ltr'>lit·</span> 
     </span>
     <span class='ocr_line' id='line_1_29' title="bbox 149 3228 774 3295; baseline -0.002 -16"><span class='ocrx_word' id='word_1_205' title='bbox 149 3228 209 3279; x_wconf 86' lang='lat' dir='ltr'>toris</span> <span class='ocrx_word' id='word_1_206' title='bbox 228 3247 248 3277; x_wconf 84' lang='lat' dir='ltr'>o.</span> <span class='ocrx_word' id='word_1_207' title='bbox 286 3231 296 3276; x_wconf 82' lang='lat' dir='ltr'>t</span> <span class='ocrx_word' id='word_1_208' title='bbox 331 3233 427 3278; x_wconf 89' lang='lat' dir='ltr'>occeani</span> <span class='ocrx_word' id='word_1_209' title='bbox 446 3230 481 3292; x_wconf 78' lang='lat' dir='ltr'>bs.</span> <span class='ocrx_word' id='word_1_210' title='bbox 554 3232 586 3276; x_wconf 77' lang='lat'>20</span> <span class='ocrx_word' id='word_1_211' title='bbox 609 3232 734 3295; x_wconf 31' lang='lat' dir='ltr'>,rhypheos</span> <span class='ocrx_word' id='word_1_212' title='bbox 752 3231 774 3278; x_wconf 83' lang='lat' dir='ltr'>b.</span> 
     </span>
    </p>
   </div>
   <div class='ocr_carea' id='block_1_4' title="bbox 0 0 1127 3842">
    <p class='ocr_par' dir='ltr' id='par_1_5' title="bbox 0 0 1127 3842">
     <span class='ocr_line' id='line_1_30' title="bbox 0 0 1127 3842; baseline 0 0"><span class='ocrx_word' id='word_1_213' title='bbox 0 0 1127 3842; x_wconf 95' lang='lat' dir='ltr'> </span> 
     </span>
    </p>
   </div>
  </div>
 </body>
</html>
