2210 3834
242 490 259 1362 ΦωῄΦοιΙμωωῌ
223 318 275 372 ἓ

227 1421 240 1567 ι-ιι-

244 1421 258 1566 ΗΟ

228 1628 259 1672 12

203 1741 206 1746 '
228 1732 259 1776 13

228 1835 260 1880 14

227 1937 258 1982 15

227 2041 258 2085 16

228 2144 258 2187 17

228 2247 258 2290 18

444 466 587 532 Bulsinis

443 569 547 634 Pallia

445 671 578 738 Clusion

444 775 501 840 Ad
522 799 622 842 novas

445 879 582 944 Maliani
609 888 612 894 '

445 983 605 1048 Mensulis

444 1085 570 1152 Umbro

446 1188 532 1256 Sena
554 1191 637 1256 Iulia

445 1291 541 1360 Sesta

445 1399 552 1481 Aquis

446 1501 571 1587 Populo

446 1605 623 1670 Bulterrae.

339 1707 422 1773 Item
450 1709 541 1774 iuxta
569 1711 764 1774 territorium
787 1708 927 1772 civitatis
950 1730 1047 1791 quam

295 1811 511 1898 praediximus
542 1814 700 1879 Mensulis
735 1822 784 1879 est
817 1812 931 1876 civitas
965 1834 1047 1895 quae

296 1915 414 1980 dioiiur

446 2020 628 2103 Tifernum,
660 2043 741 2104 quae
771 2029 804 2083 et
826 2019 1048 2084 felicissimum

296 2122 424 2205 dicitur,
445 2125 522 2188 item

445 2228 559 2292 Aretia

298 2390 310 2434 1
331 2388 439 2436 Vulsinis
459 2390 534 2436 (luido
552 2394 616 2448 Aut„
641 2391 746 2436 Volsinis
767 2390 830 2447 Tab„
854 2405 917 2436 nunc
935 2391 1046 2437 Bolsena.

297 2461 311 2504 2
331 2459 407 2506 Pallia
419 2461 443 2506 fl.
460 2462 515 2508 Tob.
571 2463 585 2507 3
606 2461 688 2508 Clusio
701 2462 756 2506 Aoi.
774 2461 829 2506 Tob.
885 2464 900 2506 4
919 2461 958 2507 Ad
970 2475 1046 2508 novas

296 2533 366 2576 olium
382 2531 446 2588 Tol„
465 2534 497 2578 ad
515 2547 591 2579 nonas
609 2534 637 2578 A.
692 2533 705 2577 5
730 2531 820 2578 malian
838 2532 867 2588 B,
887 2531 993 2578 maliana
1013 2531 1046 2578 G·

295 2602 359 2658 editi,
387 2602 501 2649 malliana
525 2600 580 2660 (list,
607 2602 731 2649 Manliana
754 2601 809 2648 Ταῦ.
883 2605 897 2648 6
925 2602 1047 2650 Mensulas

295 2672 359 2730 edili,
372 2671 410 2719 Ad
422 2673 542 2720 Mensulas
558 2673 613 2719 Ταῦ.
664 2676 677 2719 7
697 2673 806 2718 Umbron
820 2673 903 2731 Guido,
916 2673 1010 2720 Umbro
1022 2673 1044 2718 fl.

298 2744 353 2789 Tol.
417 2745 431 2792 8
461 2743 523 2790 Sene
540 2744 602 2790 Iulia
620 2747 690 2790 etiam
706 2743 761 2789 Tui.
825 2745 839 2789 9
868 2742 951 2799 Sesto]
971 2743 1046 2792 Sexta

296 2814 379 2871 Guido,
406 2814 444 2860 Ad
463 2821 558 2861 sextum
581 2815 636 2861 Tub.
710 2817 740 2860 10
768 2813 851 2872 Aquas
869 2815 934 2872 editi,
962 2815 1045 2874 Aquae

295 2885 442 2944 Populoniae
464 2886 518 2931 Tah.
576 2888 604 2930 11
629 2885 735 2945 Populo}
754 2885 887 2943 populonia
906 2886 939 2940 0,·
965 2886 1045 2944 Popu-

294 2955 361 3001 lonio
379 2959 434 3001 Aut.
451 2956 506 3001 Ταό.
563 2957 593 3001 12
622 2957 717 3003 buterre
734 2956 763 3011 B,
788 2956 893 3002 bulterre
913 2956 936 3014 0,
964 2956 1044 3002 vultu·

295 3028 357 3072 raria
377 3027 403 3084 G,
433 3027 570 3073 Volaterrae
589 3026 652 3073 aliis.
718 3029 748 3072 14
776 3027 883 3072 mensule
904 3028 951 3085 AG,
980 3041 1044 3073 men·
1100 3079 1101 3082 Ἴ

295 3096 359 3143 sulas
377 3099 399 3143 B
417 3099 480 3154 editi,
509 3096 542 3157 cf.
561 3113 581 3143 a.
594 3100 618 3143 6.
674 3100 704 3144 16
734 3097 855 3143 Tifernum
874 3104 1004 3158 atrumque,
1023 3103 1044 3141 ai
1098 3121 1100 3152 2

219 3193 224 3196 -
295 3167 432 3214 Tiberinum
451 3176 474 3214 et
491 3169 647 3226 Metaurense,
667 3169 760 3228 louyius
779 3184 795 3213 u
812 3168 928 3215 Mensulis
946 3170 1042 3215 diatoni.
1099 3187 1100 3192 ¹

295 3237 385 3296 liquae]
405 3241 446 3297 qui
464 3239 511 3286 Au.
567 3241 597 3285 18
617 3241 693 3286 eresia
711 3236 886 3302 (cornareoia)
907 3239 930 3296 θ,
949 3240 1041 3286 Arretio
1099 3245 1100 3294 l

295 3310 358 3365 Aut„
386 3310 484 3357 Adretio
501 3311 564 3368 Tul„
583 3325 644 3356 uano
662 3311 760 3357 Arezzo.
