2198 3840
56 285 122 332 722
512 337 513 340 ,
807 283 860 338 333

71 456 82 498 1
117 455 200 514 mus,
227 456 267 496 ex
295 429 412 515 quibus
440 429 620 514 aliquantas
648 431 734 496 oiroa
762 432 857 499 litore

69 557 82 600 s
116 537 207 602 maris
235 535 441 622 designantes
467 535 535 600 iam
562 535 655 620 plura
681 536 858 600 nominavi·

69 658 81 701 3
115 663 192 705 mus.
236 639 294 705 sed
315 648 423 704 tamen
452 639 528 722 quia
555 639 648 703 multi
675 639 857 724 philosophi

68 759 82 802 4
114 743 213 828 ipsam
240 743 455 808 eersonissum
481 742 566 806 inter
593 741 715 808 insulas
738 742 858 809 adseri-

70 865 82 909 s
113 855 258 930 pserunt,
292 845 515 910 necessitatem
549 843 704 910 habemus
739 857 771 911 ot
798 871 857 913 nos

69 972 80 1016 6
113 972 180 1014 eam
212 951 297 1014 inter
330 949 452 1013 insulas
486 948 681 1034 adscriptam
712 951 856 1014 civitates

68 1077 79 1122 7
112 1054 177 1118 eius
198 1051 352 1137 liquidius
375 1049 555 1137 designare,
577 1051 612 1117 id
634 1062 683 1117 est

66 1181 78 1225 s
259 1154 379 1222 Stomis

65 1285 77 1328 a
258 1257 437 1324 Corinthon

53 1388 78 1432 n
259 1360 393 1428 Generis

53 1489 76 1535 11
257 1466 437 1552 Epitauron

0 1596 1 1601 ¹
53 1592 77 1636 n
257 1571 391 1638 Muleon

53 1697 77 1742 1³
257 1674 344 1740 Boas

54 1800 78 1843 n
260 1780 412 1863 Assopon

0 1878 1 1895 ¹
52 1903 77 1948 15
260 1880 369 1948 Cition

53 2007 77 2051 ro
259 1984 434 2050 Aoardiam

0 2110 1 2117 ¹
52 2110 77 2154 17
258 2087 497 2153 Laoedemonia

0 2270 1 2283 2
52 2216 77 2262 18
259 2191 394 2257 Mesene

53 2323 77 2366 19
259 2295 397 2360 Motons

112 2417 124 2460 l
142 2417 198 2472 post
210 2411 347 2471 aliquantas
359 2410 403 2456 AB
416 2411 473 2458 editt
485 2412 539 2458 add.
551 2412 672 2471 plurimas.
693 2413 702 2458 n
719 2412 801 2460 littora
809 2413 858 2460 BC.

112 2485 125 2530 2
146 2481 298 2542 designantes
318 2482 392 2528 maris
413 2483 458 2528 ΑΒ
481 2483 545 2530 editt.
572 2484 581 2528 ΙΙ
607 2483 710 2542 plurime
730 2482 754 2530 0.
781 2485 790 2530 u
815 2499 858 2530 no·

111 2554 267 2610 minavimnsl
286 2567 360 2610 supra
378 2553 398 2599 V
413 2552 455 2599 13.
510 2553 526 2600 4
551 2555 686 2602 cesonieum
704 2557 732 2612 A,
756 2556 867 2604 canoni.

111 2640 164 2674 eum
191 2626 225 2683 B,
263 2623 448 2672 Chersonessum
476 2623 541 2670 editi.
619 2625 632 2670 6
661 2627 801 2671 necessitate
827 2625 857 2670 B.

113 2699 126 2744 6
145 2695 325 2754 sescenteno,
344 2695 491 2754 adscripsere
510 2700 534 2742 et
552 2695 581 2750 B,
601 2695 734 2742 adscribere
752 2701 777 2742 et
794 2695 858 2742 editi.

112 2771 126 2816 8
146 2767 235 2814 Stomis
254 2768 324 2812 etium
337 2764 388 2812 375
407 2766 449 2811 16.
488 2767 502 2811 9
522 2765 655 2813 Corinthon
672 2767 742 2811 etiam
759 2765 809 2811 376
829 2767 858 2822 1,-

112 2839 221 2886 oorithon
233 2837 280 2894 AO,
310 2837 474 2883 chonthonB.
549 2838 579 2882 10
609 2835 744 2882 Cenchreae
763 2837 814 2882 376
833 2838 857 2882 2.

114 2911 143 2957 11
170 2908 312 2967 Epidauron
331 2907 383 2952 376
402 2908 426 2954 3.
482 2909 513 2954 12
541 2906 638 2952 Meleon
657 2907 814 2953 edittut376
834 2909 858 2954 4.

115 2982 143 3027 13
170 2979 235 3024 Boas
254 2978 387 3025 stiam376
406 2981 431 3026 5.
481 2980 513 3024 14
539 2978 640 3036 Asopon
658 2978 714 3022 editi
725 2984 751 3024 ut
763 2977 813 3025 376
834 2981 858 3026 6.

114 3051 143 3098 15
162 3049 300 3108 essiones,
315 3049 422 3110 Gythion
431 3049 495 3107 editi,
508 3049 614 3108 Pythion
626 3048 678 3094 376
698 3051 721 3092 7.
748 3089 750 3094 ,
763 3051 794 3096 16
814 3049 859 3095 Ar-

113 3122 179 3168 cadia
197 3119 249 3166 376
269 3121 292 3167 8.
349 3123 380 3168 17
402 3120 577 3166 Laeedemonis
595 3120 665 3164 etium
684 3118 735 3163 376
754 3122 777 3177 9,
796 3120 859 3166 lace-

114 3192 246 3238 demoniam
257 3191 301 3236 AB
314 3191 377 3238 editi.
428 3191 459 3236 18
478 3191 585 3238 Messene
598 3189 649 3235 376
668 3191 709 3235 10.
761 3193 790 3238 19
810 3191 860 3238 Me·

114 3264 185 3309 thons
203 3262 267 3319 editi,
295 3261 407 3309 Methone
426 3260 538 3306 37612.
