2198 3840
51 333 71 380 V
87 334 119 381 19
811 333 865 387 419

68 505 78 547 1
147 477 198 546 211.
244 477 317 544 Noe
347 488 455 544 autem
483 477 622 545 diximus
645 481 745 545 finem
767 481 866 548 totius

66 605 80 650 a
114 581 198 648 orbis
220 591 326 646 terrae
349 583 492 668 exeeptis
514 583 627 648 insulis
643 605 726 668 quae
741 606 866 670 ponun-

66 711 79 755 a
114 697 166 750 tur
186 709 245 771 per
268 684 412 751 diversas
441 693 550 772 partes
571 687 605 751 in
629 685 763 753 Oceano
787 687 868 752 dila·

65 815 80 858 4
114 789 248 870 tissime,
271 811 312 866 ex,
334 787 451 872 quibus
474 789 654 873 aliquantas
672 788 798 856 Oceani
819 792 868 856 in-

65 917 78 961 1
115 893 200 958 sulae
228 893 292 956 iam
324 914 422 977 supra
448 894 696 973 nominavimus3
727 893 785 960 sed
814 918 868 962 eas

65 1019 78 1062 a
114 999 302 1062 reiterantes
318 1005 351 1060 et
365 996 504 1080 reliquas
522 1018 602 1080 quae
619 996 757 1083 legimus
774 996 868 1064 Chri-

66 1122 79 1165 1
115 1110 165 1164 sto
181 1099 311 1164 domino
332 1097 517 1182 adiuvante,
538 1109 575 1164 ut
590 1099 712 1165 dietum
727 1110 788 1184 est,
811 1101 867 1168 de·

65 1226 79 1270 e
115 1205 243 1290 signare
266 1203 433 1288 cupimua

66 1330 79 1374 a
158 1307 200 1372 In
222 1304 356 1373 Oceano
384 1329 460 1370 vero
485 1305 598 1372 Indiae
621 1306 867 1374 Thermantieae

51 1432 79 1476 10
114 1411 277 1491 Elamiee‚
304 1408 339 1474 id
366 1417 417 1474 eat
438 1409 500 1474 hae
523 1418 665 1475 extrema
687 1420 778 1496 parte
800 1436 867 1477 me-

51 1536 78 1580 11
114 1513 250 1596 ridiana,
272 1523 349 1578 sunt
370 1511 516 1578 diversae
537 1513 672 1595 insulae,
695 1516 867 1601 exquibus

53 1639 79 1682 12
115 1619 295 1703 aliquantas
318 1615 488 1703 designare
511 1617 669 1698 volumus,
694 1617 728 1682 id
752 1629 802 1684 est

49 1746 78 1790 13
265 1719 383 1806 Ypode

50 1849 80 1893 14
265 1823 426 1890 Iamnesia

50 1952 79 1996 15
267 1927 458 1994 Silefentina

51 2056 79 2100 16
266 2031 395 2096 Theron

50 2159 78 2202 17
267 2135 384 2220 Argire

118 2400 130 2443 l
158 2399 253 2452 autem}
277 2402 332 2441 ante
355 2395 419 2440 editi.
455 2395 465 2440 ΙΙ
500 2397 576 2442 tocius
599 2396 647 2443 BC.
724 2398 738 2442 2
767 2398 863 2456 insulis}

113 2467 199 2514 multia
217 2466 282 2512 editi.
373 2468 387 2512 6
411 2466 568 2514 rediterantes
596 2467 620 2514 0.
711 2471 726 2516 8
750 2475 806 2526 post
824 2483 854 2516 eu

114 2539 195 2598 pimus
220 2535 238 2583 0
259 2536 315 2582 add.
343 2537 372 2582 de
395 2537 495 2583 diversis
517 2537 603 2584 insulis
625 2539 650 2584 in
673 2553 778 2586 occeano
800 2541 865 2586 indie

112 2607 273 2657 thermantiee
291 2607 389 2654 elamice
406 2607 432 2652 in
449 2614 557 2654 extrema
572 2609 617 2655 hae
629 2611 761 2656 meridiana
772 2611 865 2669 positia.

115 2683 130 2728 9
158 2679 299 2726 thermatiee
324 2676 347 2735 0,
375 2678 538 2725 Termanticae
558 2680 622 2726 editi.
689 2683 719 2726 10
748 2680 866 2727 Elamitae

113 2751 180 2798 editi.
207 2750 218 2796 ΙΙ
243 2749 269 2795 id
286 2752 334 2806 est]
353 2754 390 2794 est
407 2749 433 2794 id
452 2754 488 2796 eat
505 2749 585 2796 insula
602 2750 645 2795 ΑΒ
663 2751 727 2797 editi.
758 2751 768 2797 ΙΙ
798 2756 865 2809 parte

113 2819 216 2869 ornAO.
263 2822 294 2866 10
316 2822 346 2865 11
367 2821 668 2867 extremameridianahao
682 2820 706 2868 C.
755 2823 785 2868 13
804 2822 866 2881 Hip-

113 2893 191 2953 podes
208 2890 315 2948 Jordan„
343 2891 502 2949 Hippopedes
519 2891 628 2938 Ethieta.
689 2894 720 2938 14
747 2892 866 2940 Iamnesia

114 2965 186 3010 etiam
203 2961 302 3006 Jordan,
357 2963 388 3008 15
416 2961 537 3008 ailefantia
557 2960 585 3018 C,
614 2962 734 3008 silefentia
751 2964 774 3008 B
796 2964 865 3020 editi,-

114 3032 274 3081 Sileetantina
288 3032 360 3088 (arba
375 3032 539 3089 Taprobanen)
553 3033 658 3091 Iordani,
678 3031 866 3093 Sylephantinae

112 3104 216 3160 Erana·
243 3117 274 3149 aa
292 3102 371 3149 imula
388 3100 541 3161 Elephanta?
609 3105 640 3149 16
668 3103 759 3151 'Pheres
775 3105 865 3162 Echio„

112 3176 222 3222 Etheron
239 3174 321 3220 urbem
333 3174 482 3234 Taprobanen
499 3174 702 3220 kabetlordanar.
759 3178 790 3222 17
809 3169 866 3244 Ἀρ-

112 3246 180 3315 γυρῆ
199 3239 365 3314 μητρόπολις
380 3239 514 3311 Ἰαβαὸίου
532 3244 605 3308 Ptol„
636 3238 750 3312 Ἀργυρᾶ
767 3241 867 3315 μητρό-

63 3323 67 3329 ’
111 3314 192 3370 noae..-
213 3312 396 3387 Ταπροβιίνης
414 3316 494 3375 steph.

669 3399 715 3440 21·
