2234 3842
73 339 158 376 avico
179 328 227 376 127
737 297 739 300 ι
845 327 898 382 553

96 502 109 545 1
143 472 326 558 procedunt
346 472 488 554 flumina,
511 495 552 538 ex
571 471 688 556 quibus
704 474 897 557 praecipuus

94 604 109 649 2
136 577 179 640 ‚in
202 574 372 642 Oceanum
392 576 519 668 mergit,
542 577 597 659 qui
614 584 747 641 vocatur
761 575 896 662 Raugis.

94 699 108 744 a
145 679 227 744 alter
242 703 370 764 quoque
385 678 427 744 ad
441 677 629 744 Danubium
643 679 778 745 tendens
794 679 898 746 eidem

94 801 109 846 4
145 783 331 868 copulatur,
361 784 416 867 qui
438 782 557 848 dicitur
578 783 697 868 Apion.
750 785 897 850 civitates

93 904 107 950 a
144 909 233 968 vem,
249 888 324 970 quia
340 897 438 970 caret,
453 909 514 952 nec
527 887 720 973 ingessimus
735 888 875 952 omnino·

93 1007 107 1052 e
188 989 312 1055 Iterum
340 989 495 1078 Scythas,
523 988 728 1076 postmodum
755 990 897 1056 Refenos

93 1111 106 1154 7
133 1095 243 1177 'atque
267 1090 502 1178 Cerdefenn0s‚
530 1094 761 1159 verumetiam
782 1095 896 1160 Dancs

91 1215 107 1260 a
144 1217 271 1262 necnon
293 1205 326 1262 et
347 1196 503 1280 Saxones,
523 1198 676 1262 Friscncs
698 1197 805 1264 etiam.

92 1319 107 1364 a
177 1299 252 1370 127.
297 1300 394 1366 quta
420 1324 546 1386 quoque
569 1298 706 1364 eundem
729 1297 896 1366 Oceanum

74 1423 107 1468 10
145 1406 328 1471 continetur
365 1404 508 1470 eiusdem
546 1403 723 1470 Sarmatiae
761 1401 897 1490 Scythia

75 1528 106 1572 11
146 1531 229 1594 quae
252 1511 381 1576 omnino
396 1509 553 1574 harenosa
568 1509 687 1574 existit.
733 1531 829 1592 quam
849 1509 896 1574 vi·

75 1631 107 1676 aa
146 1612 265 1678 delicet
296 1613 432 1699 praelati
468 1612 665 1698 descripsere
694 1612 895 1698 philosophi3

74 1734 108 1780 1³
145 1717 215 1802 ipse
230 1739 306 1781 vero
329 1717 420 1782 iuxta
430 1713 624 1782 Sardonium
639 1737 709 1780 eam
724 1716 896 1781 nominavi.

74 1839 109 1883 14
145 1829 221 1906 post
234 1819 322 1885 idem
333 1818 484 1886 Oceanus
499 1819 724 1908 innavigabilis
737 1842 807 1886 esse
822 1842 897 1906 prc-

75 1940 108 1986 15
142 1923 252 1989 hatur.

74 2043 109 2089 16
190 2027 275 2093 Item
298 2048 391 2094 secus
406 2023 574 2112 Scythiam
595 2027 629 2090 in
644 2025 757 2091 eodem
772 2023 897 2092 Oceani

75 2147 108 2192 17
145 2132 240 2196 litore
254 2132 360 2217 patria
373 2131 503 2216 ponitur
517 2129 741 2196 Rerifenorum
756 2139 788 2195 et
803 2127 897 2196 Scer-

181 2328 273 2376 codicee
292 2325 341 2389 hsc.
378 2325 411 2389 cf.
424 2328 484 2374 Rau.
497 2327 548 2374 200
567 2327 599 2372 11
613 2341 649 2386 aq.
668 2332 691 2372 et
709 2325 760 2372 324
779 2327 812 2371 11
826 2341 877 2401 eq..

150 2460 163 2504 1
192 2457 339 2516 praecedunt
356 2472 384 2516 c,
411 2457 544 2516 precedunt
561 2455 583 2500 b.
633 2455 647 2500 2
674 2455 700 2501 in
718 2441 797 2502 ὄπι-υ.
822 2455 831 2501 Η
857 2468 897 2502 cc·

146 2542 248 2575 ceanum
266 2525 297 2588 bf
311 2533 334 2573 et
351 2529 386 2574 cic
404 2527 520 2586 deinceps.
556 2525 566 2572 ΙΙ
600 2519 704 2590 Raugis]
726 2525 817 2584 Bangis
837 2526 896 2571 Rau.

147 2601 162 2645 3
190 2599 297 2644 eiusdem
324 2596 359 2659 bs.
421 2599 435 2644 6
463 2597 569 2656 scythias
593 2611 618 2654 v,
646 2596 719 2643 scitas
743 2594 777 2655 bf,
806 2595 898 2642 scilieet

146 2668 258 2716 Oceanus
280 2669 359 2728 tangit
380 2666 491 2728 Scythas.
522 2667 531 2714 ΙΙ
557 2668 673 2726 raphanos
691 2681 712 2712 a.
777 2667 791 2712 7
817 2667 897 2713 cerde-

144 2741 271 2800 phenosv.
327 2741 342 2786 8
366 2737 504 2786 saxeuosb.
527 2738 538 2784 ΙΙ
556 2738 674 2794 Frisonesl
688 2742 712 2784 et
720 2737 851 2797 phrixcnes
875 2753 897 2784 u.

147 2809 391 2858 incontinentes
417 2807 559 2864 Sermonae]
571 2809 685 2854 sarmacia
690 2806 717 2868 f
745 2807 754 2854 ΙΙ
779 2808 849 2854 sc1t1a
861 2806 896 2869 bf

147 2883 179 2928 11
207 2881 324 2928 harenosa
347 2877 381 2939 bf,
410 2885 521 2926 aestuosa
543 2879 612 2936 Rata,
639 2880 764 2926 heremosa
781 2879 832 2925 551
854 2879 897 2925 18.

145 2952 156 2998 ΙΙ
168 2952 258 3000 existet
280 2951 302 2998 b.
375 2950 407 2996 13
435 2947 709 3015 iuxtaom.f.14
737 2955 851 2996 ceceanu.
862 2948 896 3011 bf,

146 3035 263 3068 oceanum
286 3036 308 3068 c.
353 3020 363 3066 u
406 3020 593 3078 innavigabilcm
617 3035 639 3065 n.
715 3021 745 3067 16
771 3021 841 3068 scitia
861 3019 896 3082 bs.

145 3093 156 3140 ΙΙ
166 3105 269 3139 occeano
287 3089 317 3152 bf
330 3097 356 3138 at
368 3089 437 3152 safra
454 3091 505 3138 554
526 3091 550 3136 9.
606 3092 636 3137 17
656 3089 738 3136 littore
753 3105 774 3137 v.
802 3091 812 3138 u
841 3091 898 3138 reri-

145 3164 278 3223 phencrum
296 3177 317 3218 v,
345 3163 516 3209 rarifenncmm
536 3159 571 3221 bf.
608 3162 617 3207 ΙΙ
651 3162 857 3210 scordifenncrum
869 3160 895 3222 f,

146 3233 344 3281 scerdifernorum
363 3233 385 3278 b.
