2198 3840
216 273 269 330 ³88
960 276 1025 325 vlu

232 447 246 491 1
283 419 430 508 portione
447 421 546 488 Asiae
569 429 754 488 evenerunt.
797 444 874 486 nam
890 423 1028 508 praefata

232 548 247 594 a
284 527 389 612 portio
404 523 508 590 Oham
531 534 601 590 arta
622 524 665 590 ad
678 548 765 590 mare
778 548 934 613 magnum
948 526 1029 592 Affi-

233 651 248 698 e
285 651 342 696 eae
364 629 522 713 usquein
545 626 712 694 Oceanum
727 627 944 694 Mauritaniae
966 650 1028 694 esse

233 752 249 800 4
285 731 502 821 dignacione
529 729 588 796 sed
609 731 713 818 magis
735 732 770 796 in
789 731 1029 820 longitudinem,

234 855 248 902 u
284 835 321 902 id
342 845 392 904 est
414 857 546 920 usupra
560 834 682 920 scripta
695 834 934 918 Riuooururon,
956 857 1031 920 quae

235 958 250 1004 e
286 949 336 1007 est
349 941 434 1006 iuter
447 937 666 1004 Palaestinam
677 946 710 1004 et
720 939 921 1026 Aegyptum,
935 960 1030 1022 usque

234 1061 249 1107 7
286 1043 329 1110 ad
349 1045 468 1110 fretum
482 1038 803 1128 Septemgeditauum
824 1041 1030 1128 protenditur,

235 1161 250 1207 8
287 1156 321 1214 et
341 1146 415 1214 ideo
437 1145 529 1230 quasi
550 1167 632 1230 pene
655 1146 795 1229 quinque
810 1145 908 1210 horae
924 1143 1030 1210 dieiin

236 1264 250 1308 9
287 1248 399 1316 eadem
420 1249 535 1314 Africa
556 1257 748 1334 supputatae
770 1257 856 1314 suut.
901 1271 975 1313 uam
995 1247 1030 1312 de

220 1364 251 1412 1⁰
288 1375 385 1439 supra
408 1352 528 1437 scripta
541 1351 673 1438 Europa
695 1362 728 1416 et
750 1351 936 1417 multotiens
951 1351 1033 1416 dieta

220 1469 251 1514 11
288 1457 371 1524 Asia
399 1464 433 1521 et
454 1479 552 1542 supra
580 1457 702 1542 seripta
723 1455 848 1537 Africa,
878 1453 1031 1540 quomodo

221 1570 252 1618 12
289 1569 345 1626 aut
374 1559 511 1644 qualiter
538 1569 717 1644 ponuntur,
750 1556 880 1625 Christo
909 1560 1032 1624 iuvante

221 1673 253 1720 1³
288 1665 353 1730 iam
374 1661 524 1729 subtilius
546 1683 644 1747 supra
665 1663 881 1748 exposuimus.

222 1777 254 1824 14
332 1765 481 1831 Diversis
495 1765 616 1830 etenim
628 1764 891 1832 altereationibus
906 1767 1034 1852 expletis

222 1878 254 1924 15
290 1869 507 1936 necessarium
534 1866 683 1948 duximus
712 1868 959 1954 supponendum
983 1867 1035 1933 do-
1092 1927 1093 1934 ,

222 1983 255 2028 16
293 1975 428 2040 utrinam
451 1971 557 2036 adhue
583 1995 679 2058 super
701 1971 819 2056 quibus
841 1973 955 2038 insulis
976 1982 1035 2038 tra·

223 2085 254 2130 17
293 2077 379 2158 dere,
401 2074 616 2159 (inutilemque
630 2085 663 2140 te
679 2099 719 2140 ex
733 2076 882 2142 omuibus
898 2076 1036 2156 reddere,

224 2187 255 2232 ¹⁸
292 2191 329 2247 ut
350 2180 472 2266 possis,
501 2179 602 2244 amice
625 2180 804 2263 carissime,
828 2202 902 2246 oum
924 2178 1036 2269 gaudio

295 2488 309 2532 1
337 2485 451 2544 porcione
469 2483 498 2528 B.
564 2483 578 2529 2
607 2486 691 2544 porcio
709 2484 758 2532 ΒΟ.
794 2486 805 2532 ΙΙ
839 2488 892 2532 arti
909 2486 939 2542 Β,
966 2491 1037 2531 artam

294 2555 358 2602 odiu.
426 2555 442 2599 4
470 2553 603 2600 dinoscitur
620 2554 667 2602 Ac.
703 2556 714 2602 ΙΙ
747 2562 785 2603 set
802 2557 832 2602 B.
868 2555 878 2601 ll
912 2554 1037 2616 longitudi-

294 2628 361 2681 nem]
388 2623 517 2671 latitudine
543 2626 566 2670 B
592 2625 658 2672 editi.
723 2627 737 2673 t
765 2628 935 2674 riuoaurruron
952 2627 980 2683 A,
1008 2624 1037 2670 ri·
1092 2667 1093 2670 ,

294 2709 447 2744 uocurrunou
467 2693 491 2741 C.
559 2697 572 2742 7
601 2698 830 2758 septe-gaditanum
846 2695 895 2744 Ad.
932 2696 942 2744 ll
974 2707 1038 2756 prae·

294 2767 441 2822 erudituli,
459 2767 607 2824 pretenditur
620 2767 644 2815 0.
699 2769 713 2814 9
736 2769 844 2816 affricam
861 2768 890 2814 Α.
947 2769 977 2814 10
994 2765 1039 2812 Eu·
1092 2771 1093 2776 ’

296 2839 440 2898 rupa-11
469 2849 543 2896 supra
566 2839 657 2898 scripta
679 2853 724 2886 om.
742 2839 830 2886 Paret.
898 2839 930 2884 10
957 2836 1038 2884 multo·

297 2909 362 2956 ciens
381 2906 405 2954 0.
468 2909 497 2954 11
523 2911 558 2965 etl
577 2909 617 2955 vel
634 2909 679 2955 AB
696 2909 761 2956 editi.
779 2911 789 2956 ΙΙ
811 2921 883 2968 super
902 2908 975 2955 Grau.
984 2909 1007 2954 1.
1016 2907 1037 2952 2.

300 2979 331 3026 12
359 2984 463 3038 ponatur
481 2977 545 3024 editi.
602 2982 633 3027 13
658 2977 1039 3040 postexpusuimusduddpro·

298 3050 369 3108 logus
394 3051 498 3096 auctoris
520 3063 591 3110 supet
615 3050 757 3110 quibusdam
780 3049 865 3097 insulis
886 3049 1038 3110 designandis

302 3122 334 3167 14
363 3121 468 3167 diversas
485 3120 528 3165 AB
547 3121 611 3172 editi.
647 3121 657 3166 ΙΙ
690 3121 859 3168 altereationes
878 3120 986 3180 expletas
1001 3118 1040 3165 AB

300 3189 365 3237 editt.
420 3192 451 3237 lt
471 3192 630 3240 nummarium
643 3221 676 3233 -
689 3193 739 3240 889
760 3194 774 3239 8
793 3205 856 3239 nune
875 3190 1039 3238 osn.ABeditt.

304 3261 336 3307 18
364 3262 488 3308 karissime
507 3260 531 3310 0.
