2198 3840
53 299 75 346 V
88 303 115 348 18
329 353 330 356 ,
809 303 862 356 417

71 471 80 514 1
113 445 166 530 qui
194 446 284 510 venit
313 443 352 510 de
382 445 476 511 India
498 445 609 513 Serica
630 448 804 515 Bactriana
834 461 865 514 et

69 571 81 614 a
111 558 220 634 portas
235 547 380 634 Caspias.
426 551 481 634 qui
497 548 648 616 Oceanus
663 554 770 640 tangit
785 551 866 639 Scy-

68 675 80 720 s
112 653 212 716 thiam
226 653 437 718 heremosam.
472 656 587 718 iterum
600 655 793 738 Amazones,
809 656 866 722 ubi

67 779 80 822 4
112 779 175 836 eas,
197 765 371 841 postquam
385 779 533 844 egressae
549 766 624 822 sunt
647 757 865 826 dementibus

67 881 79 926 e
113 857 286 941 Caucasis,
323 859 423 926 fuisse
456 861 603 947 legimus.
660 863 866 946 postmodum

66 986 78 1029 e
110 963 217 1050 tangit
244 964 314 1048 ipse
343 961 494 1030 Oceanus
524 963 710 1029 Roxolanos
738 987 865 1030 necnon

66 1087 78 1131 ι
111 1064 295 1147 Sarmatas,
340 1068 418 1131 item
456 1065 615 1152 Soyihas,
659 1069 865 1153 postmodsnn

65 1191 78 1234 a
112 1169 283 1234 Rereferos
313 1179 346 1233 et
375 1168 601 1253 Sisdefennos,
630 1195 742 1236 verum
768 1175 864 1238 etiam

65 1294 78 1338 s
114 1270 332 1355 Germaniam,
347 1273 405 1338 ubi
419 1275 486 1361 egit
500 1273 645 1339 habitare
660 1275 773 1340 Dauos
788 1297 864 1340 nec-

50 1397 78 1441 10
113 1399 177 1441 non
198 1375 322 1457 Saxos,
344 1377 441 1440 etiam
462 1377 589 1442 Frixos.

50 1501 77 1544 11
154 1479 211 1545 Ad
233 1489 358 1565 partem
380 1490 488 1544 autem
511 1478 742 1546 occidentalem
765 1481 863 1564 habet

51 1603 78 1647 m
111 1595 196 1649 totus
220 1569 360 1648 mundus
382 1583 479 1648 finem
495 1581 662 1648 Oceanum
682 1586 738 1668 qui
757 1586 863 1670 tangit

50 1707 79 1751 rs
113 1686 253 1752 Galliam
273 1687 441 1774 Belgicam
465 1696 497 1750 et
520 1685 737 1770 Germaniam,
766 1709 863 1772 quam

50 1815 79 1858 ιι
113 1791 225 1872 modo,
254 1800 292 1854 ut
315 1791 469 1872 diximus,
496 1790 696 1856 Francorum
717 1791 862 1876 possidet

50 1915 78 1960 ιι
111 1895 285 1980 generatio,
300 1895 377 1957 item
388 1892 566 1958 Britaniam
582 1903 614 1958 et
627 1896 764 1979 patriam
779 1905 875 1978 quae

49 2019 77 2063 rs
111 1997 229 2062 dicitur
243 1996 419 2061 Nistricus.
459 1996 517 2062 sed
532 2020 597 2061 non
613 1996 653 2062 de
668 1997 775 2062 insula
788 1997 860 2061 Bri-

110 2294 125 2338 2
143 2293 227 2352 caspia
238 2293 266 2338 A.
286 2293 296 2338 il
313 2292 368 2350 qui]
382 2293 508 2350 quesAB,¹
523 2291 556 2353 cf.
570 2293 620 2338 324
640 2295 655 2339 5
670 2308 714 2352 sq„
728 2293 768 2338 ubi
780 2291 860 2338 codem

110 2363 229 2424 leguntur.
257 2363 267 2408 11
293 2364 390 2409 sithiam
408 2361 454 2420 AG,
479 2363 583 2422 sythiam
600 2365 630 2409 B.
685 2365 700 2409 3
728 2376 859 2409 eremosam

107 2435 171 2480 editi.
200 2434 210 2479 ΙΙ
236 2435 379 2480 admazones
401 2434 434 2487 A,
462 2434 606 2479 admazanos
630 2431 654 2478 0.
714 2435 730 2480 4
751 2433 764 2479 5
793 2441 860 2492 post-

107 2519 179 2563 quam
199 2505 229 2549 de
246 2504 369 2550 montibus
387 2505 494 2549 caucasis
511 2517 603 2562 egresse
615 2509 671 2550 sunt
690 2502 713 2550 O.
769 2504 783 2549 3
803 2517 859 2549 cau-

107 2577 170 2622 sacis
181 2577 211 2630 A,
230 2577 335 2621 causasis
347 2575 376 2620 B.
433 2575 446 2619 6
467 2574 597 2620 roxolanas
617 2573 641 2620 0.
697 2576 710 2620 7
734 2574 819 2621 sithias
829 2575 857 2630 A,

106 2647 191 2706 sythas
201 2643 250 2690 BC.
299 2643 717 2691 8RerefenosetSidesennosediti.
765 2645 778 2689 9
801 2642 859 2690 Ger-

105 2718 221 2773 maniam,
244 2716 287 2762 ubi
305 2717 355 2775 egit
372 2716 482 2760 habitare
505 2717 644 2760 omittendas·
660 2729 735 2772 supro
752 2713 803 2758 324
823 2715 858 2760 12

105 2786 257 2846 igermanis
273 2787 325 2844 AB,
353 2785 465 2832 Germani
483 2785 548 2831 editi.
592 2813 595 2820 ,
624 2785 651 2830 10
680 2783 766 2842 Saxos,
785 2785 857 2830 etiam

105 2859 205 2914 Frixosl
218 2856 333 2914 Saxones,
347 2858 419 2902 etium
431 2856 541 2903 Frisones
553 2856 603 2902 324
625 2855 657 2900 13
676 2855 717 2900 14.
742 2855 752 2900 ΙΙ
770 2856 855 2912 etiam]

106 2933 130 2974 et
146 2930 221 2975 otiam
242 2926 266 2973 0.
342 2929 371 2972 11
401 2931 492 2983 autem]
515 2941 572 2974 vero
597 2925 621 2973 0.
658 2925 668 2972 li
704 2925 796 2972 habens
813 2927 857 2972 AB

106 2999 171 3044 editi.
264 2998 294 3043 13
322 2997 435 3044 bellicam
464 2997 514 3044 BC.
558 2998 568 3044 11
612 3003 636 3043 ct
657 3010 702 3041 ona.
725 2996 769 3041 AB
791 2997 855 3043 editi.

109 3071 140 3114 14
169 3075 196 3114 ut
220 3069 338 3124 diximus]
366 3067 416 3113 324
445 3069 487 3113 13.
579 3067 608 3114 15
640 3067 766 3114 Brisannia
792 3066 855 3112 aditi.

33 3184 35 3189 ,
107 3140 117 3184 11
128 3143 164 3195 etl
184 3138 223 3184 vel
241 3138 284 3182 AB
303 3137 366 3184 editi.
402 3139 412 3184 ΙΙ
446 3138 608 3197 patrissans.
672 3139 703 3184 16
731 3137 856 3184 Nustricus

108 3210 171 3265 editi,
196 3211 212 3254 i.
232 3222 251 3254 e.
273 3208 399 3266 Neustria3
417 3209 526 3256 Niustria
548 3210 618 3255 Perta
640 3223 701 3254 mon.
724 3209 741 3254 i.
755 3211 854 3266 passim.

108 3281 118 3325 11
130 3279 190 3334 ιιοιι]
209 3293 253 3330 uos
271 3278 341 3326 ABG.
369 3279 378 3325 ΙΙ
404 3280 523 3332 britanica
540 3280 568 3340 A,
587 3280 713 3326 Britannis
730 3279 794 3327 editi,

658 3364 687 3409 27
