2198 3840
73 299 132 346 V33
822 299 874 352 443

87 465 96 508 1
275 444 426 510 Noetoia.

86 567 96 610 a
167 548 289 613 lterum
303 549 337 612 in
357 549 431 632 ipso
447 545 579 614 Oceano
595 547 796 628 diutissimo,
819 571 873 612 ex-

84 671 96 714 a
127 652 220 736 pieta,
243 661 280 716 ut
303 649 459 732 diximus,
488 659 579 736 parte
601 651 811 732 occidentali,
838 649 873 715 id

82 771 96 814 4
126 764 172 820 est
193 753 414 842 regredientes
441 752 483 818 ad
510 762 634 839 partem
655 753 874 836 meridianam,

82 871 94 916 n
125 859 236 943 procul
266 881 286 921 a
312 857 406 921 litore
428 854 565 942 Spaniae
587 866 645 922 est
666 858 771 922 insula
793 879 873 942 quae

81 977 94 1019 a
127 959 244 1025 dieitur
265 959 381 1045 Thyle,
405 958 445 1023 de
468 982 532 1042 qua
554 968 586 1024 et
608 959 806 1025 Mantuanus
829 961 874 1025 ait
901 963 903 966 ’

80 1079 93 1122 7
127 1065 209 1128 inter
224 1064 348 1147 reliqua
365 1062 445 1144 „tibi
461 1063 578 1127 serviet
592 1063 705 1128 ultima
716 1063 850 1150 Thyle.“

79 1180 93 1224 8
164 1166 287 1231 Iterum
302 1167 336 1230 in
350 1167 422 1252 ipso
438 1163 581 1247 Ooaan0‚
603 1174 640 1230 ut
655 1164 805 1248 diximus,
820 1189 874 1232 ex-

78 1283 92 1326 9
123 1269 209 1354 pieta
236 1278 328 1354 parte
357 1267 566 1352 occidentali,
593 1268 810 1356 regredientes
834 1270 876 1335 ad

61 1386 92 1430 ιο
124 1371 330 1438 meridianam
352 1381 487 1458 partem,
514 1373 591 1438 litus
614 1371 764 1458 Spanius,
785 1375 875 1440 iuxta

62 1491 90 1536 11
124 1476 307 1541 multotiens
330 1475 453 1542 dietum
478 1476 594 1541 fretum
618 1473 875 1564 Septemgadita·

60 1593 91 1639 12
125 1603 199 1644 num
233 1578 385 1644 dicuntur
422 1579 544 1644 insulae
578 1601 714 1664 quarum
746 1582 876 1646 nomina

60 1698 89 1742 1a
125 1683 231 1748 multis
253 1680 357 1748 modis
380 1682 570 1748 invenimus.
607 1685 734 1769 inipso
757 1685 875 1771 quippe

3 1819 5 1864 :
58 1799 90 1843 14
125 1786 298 1852 meridiano
327 1783 459 1850 Oceano
492 1796 567 1871 post
595 1785 794 1874 Aethiopum
819 1811 875 1874 pa·
902 1875 904 1878 ι

3 1871 5 1920 i

3 1927 5 1964 ᾗ
59 1899 88 1946 15
126 1891 219 1954 triam
243 1889 387 1954 diversae
411 1891 553 1955 existunt
574 1890 715 1973 insulae,
744 1914 784 1956 ex
807 1893 875 1977 qui·

3 2009 4 2086 ]
58 2005 88 2049 16
125 1993 183 2058 bus
206 1993 386 2076 aliquantas
409 1993 572 2058 nominare
594 1993 753 2076 volumus,
776 1994 875 2061 idest

59 2108 87 2153 17
273 2097 435 2162 Azanasia

125 2223 137 2266 l
164 2227 220 2280 poet
237 2219 341 2266 Noetoia
360 2219 379 2268 0
399 2219 455 2267 add.
479 2223 508 2268 de
532 2221 611 2268 insula
634 2235 679 2280 que
703 2222 791 2267 dieitur
815 2221 875 2267 thile

123 2293 148 2338 in
167 2305 271 2338 occeano
291 2290 434 2338 dilatissimo
453 2298 521 2352 parte
533 2292 688 2338 meridianas
699 2290 780 2338 littore
793 2291 875 2349 spania

123 2363 210 2421 posita.
264 2363 458 2420 tregradientes
474 2361 498 2410 C.
525 2364 534 2410 ΙΙ
560 2364 694 2422 aduertam
706 2361 874 2416 meridianam}

124 2439 224 2492 aparte
242 2433 376 2479 meridiana
392 2433 415 2478 B
433 2434 490 2480 editi
508 2440 530 2480 et
548 2448 612 2480 corr.
635 2432 659 2480 0.
729 2435 743 2480 6
771 2431 829 2478 thile
851 2430 874 2489 0,

123 2503 182 2563 Tyle
204 2503 228 2548 B
246 2503 310 2550 editi.
347 2503 357 2548 ll
392 2505 421 2549 de
440 2519 487 2562 qna
505 2508 562 2560 eta]
587 2506 634 2560 „de
652 2519 700 2562 qna
717 2503 873 2551 Mantuanus:
924 2503 926 2507 ’

124 2575 168 2620 tibi
187 2575 277 2621 serviet
299 2573 386 2620 ultima
403 2574 496 2635 Thyle“
525 2574 623 2621 ,lordum
642 2575 670 2620 de
688 2574 736 2620 reb.
758 2573 808 2620 Get.
828 2575 873 2619 c.1

124 2645 233 2704 exViry.
254 2645 340 2706 Geory.
358 2645 430 2691 130.
477 2645 486 2692 ΙΙ
529 2651 554 2691 et
570 2645 728 2700 Mantuanus]
752 2649 875 2690 emautua·

123 2729 168 2762 nus
185 2713 265 2770 aad·
291 2721 434 2762 mantuanus
451 2731 528 2776 maro.
545 2714 569 2761 0.
597 2715 607 2761 il
633 2721 675 2774 ayt
695 2713 719 2760 Ο.
796 2715 874 2760 7tibi

124 2787 225 2841 serviet}
244 2787 352 2832 seruiunt
364 2786 410 2832 tibi
424 2793 447 2832 et
462 2787 488 2844 B,
508 2787 581 2832 servit
593 2785 639 2831 tibi
652 2791 676 2831 at
688 2785 753 2830 editi.
780 2785 790 2830 ΙΙ
814 2784 875 2844 Tyle

124 2857 146 2902 B
164 2856 230 2902 editi.
257 2855 267 2900 ΙΙ
289 2861 345 2913 post
357 2855 434 2914 Thyle
455 2855 539 2902 cada.
558 2857 588 2902 de
600 2856 686 2903 insulis
699 2855 797 2914 expleta
808 2861 875 2914 parte

125 2923 270 2972 occidentali
287 2925 448 2984 regredientes
461 2931 552 2983 partem
570 2927 725 2972 meridianam
737 2926 808 2972 iuxta
818 2925 876 2972 litua

124 2996 208 3055 spauie
218 3000 242 3040 et
251 2995 337 3040 fretum
346 2995 553 3054 septegaditanum
563 2997 656 3054 positis.
697 2998 711 3041 9
731 2997 762 3041 ad
774 3010 818 3041 om.
827 2995 874 3042 Ac.

126 3067 156 3112 10
185 3071 278 3125 partem
306 3066 461 3112 meridianam
495 3065 517 3112 C.
610 3068 640 3112 11
675 3066 816 3112 multociens
851 3065 875 3112 0.

124 3137 356 3196 liseptegaditanum
383 3134 431 3182 Ao.
522 3137 552 3183 1s
589 3136 736 3183 multimodis
762 3137 784 3183 Β
811 3137 875 3183 editi.

126 3209 158 3252 14
186 3212 278 3266 etyopu
296 3208 326 3252 B.
354 3207 364 3252 ΙΙ
389 3207 466 3266 patrie
485 3208 542 3252 AB..
594 3209 623 3253 15
652 3206 743 3254 insulae
765 3221 810 3252 om.
828 3205 875 3254 AC.

128 3280 157 3323 17
186 3277 308 3324 Azavazia
326 3277 390 3324 editi.
424 3272 430 3285 ’
