2314 3840
99 276 147 323 1⁸4
891 280 922 336 ll

121 444 135 488 1
174 419 313 486 Gabaon
335 441 386 516 ne⁸
399 426 566 507 movearis,
589 434 622 489 et
635 425 712 490 luna
731 434 842 490 eontra
856 427 924 490 val-
992 409 997 418 ἡ

119 549 134 594 a
172 525 238 589 lem
252 526 426 592 Achilon.“
465 528 705 593 osolertissimi
726 529 797 610 viri,
818 553 924 594 nonne

82 703 85 706 ¹
119 655 134 700 3
172 623 321 712 tandem,
351 630 480 714 quando
509 632 558 696 sol
587 641 699 697 contra
726 633 834 711 locum
857 630 924 697 Ga·

118 759 134 802 1
171 727 377 798 baonitarum
398 735 498 816 stetit,
521 759 585 799 non
600 735 793 820 respiciebat
807 738 840 800 in
855 746 923 800 toto

118 846 133 906 5
171 834 318 899 mundo?
351 846 386 900 et
408 837 436 902 si
458 839 532 902 talis
556 838 607 902 dei
629 839 766 902 famulus
790 847 826 903 ut
842 831 924 904 sola

117 961 133 1006 1
171 939 337 1002 nominato
359 937 432 1020 looo
454 962 515 1004 neo
536 943 656 1008 moveri
671 941 843 1006 arbitratus
865 951 923 1023 est,
1017 936 1021 940 ’

118 1067 132 1110 1
172 1041 252 1124 quid
274 1042 424 1126 prohibet
446 1066 503 1127 per
525 1045 668 1130 singulas
683 1044 777 1110 horas
794 1045 858 1108 diei
874 1069 924 1108 ar-

117 1169 133 1214 1
172 1143 293 1208 bitrare
318 1145 405 1229 quod
428 1147 519 1229 quasi
534 1169 630 1231 super
647 1147 801 1230 diversas⁷
823 1158 860 1214 ut
876 1149 924 1212 di-

118 1273 132 1316 o
173 1257 352 1330 1111111111,
383 1249 619 1333 respiciendum
647 1261 838 1336 supputetur
867 1275 924 1337 pa·

2 1365 3 1412 1
100 1375 133 1420 ro
170 1352 273 1418 trias?
304 1362 336 1417 et
351 1353 379 1417 si
394 1377 452 1437 per
466 1352 676 1438 horologium,
700 1354 786 1438 quod
808 1357 842 1419 in
857 1379 923 1420 me-

98 1481 131 1526 11
171 1456 251 1520 tallo
268 1455 456 1542 designatur
470 1455 642 1538 modicum,
657 1468 758 1522 totam
770 1457 854 1522 diem
865 1483 924 1545 per

99 1585 131 1630 12
171 1559 323 1623 horarum
339 1560 582 1645 supputationes
603 1559 787 1646 diligentius
803 1561 923 1630 discer-

97 1691 131 1736 13
171 1661 289 1742 nimus,
306 1672 426 1745 quanto
442 1663 544 1748 magis
559 1663 732 1748 prudentes
747 1665 807 1728 viri
818 1674 923 1730 totum

2 1815 3 1864 p
97 1795 132 1838 14
172 1774 276 1829 utros
292 1764 540 1849 herophormum
561 1765 752 1832 arbitrantes
767 1768 922 1834 mundum

2 1875 3 1894 t
98 1897 131 1942 15
174 1877 311 1953 possunt
334 1868 484 1934 subtilius
513 1892 594 1953 quae
615 1881 778 1955 ponuntur
799 1874 922 1957 patriae

98 2004 132 2048 1⁶
171 1973 206 2036 in
228 1973 377 2036 universo
400 1971 520 2036 mundo
543 1973 629 2036 oi'roa
644 1972 768 2042 Oceani
788 1974 923 2042 limbum

97 2105 132 2150 17
171 2099 229 2162 per
245 2085 331 2140 totas
347 2076 453 2158 horas,
468 2086 505 2140 ut
519 2075 642 2141 dictum
656 2085 716 2158 est,
737 2089 921 2163 supputare.

98 2211 133 2256 18
172 2219 174 2226 ι
207 2179 239 2246 5.
285 2179 330 2243 Et
359 2181 387 2244 si
421 2181 554 2244 forsitan
587 2204 628 2244 ex
662 2183 921 2248 eontentionariis

2 2349 3 2372 χ
99 2313 132 2358 19
173 2283 332 2367 quispiam
347 2283 492 2370 ingerere
508 2283 654 2366 voluerit,
675 2307 821 2350 asserens
844 2309 922 2370 quo-

2 2385 3 2420 *
97 2415 133 2461 20
172 2386 267 2452 modo
293 2386 489 2450 eredendum
516 2386 602 2472 quod
623 2389 727 2472 prima
754 2388 833 2452 hora
859 2387 923 2453 diei

97 2522 132 2567 21
171 2491 221 2556 sol
244 2492 354 2555 statim
376 2491 409 2554 in
431 2489 586 2556 Indorum
607 2491 759 2576 respiciat
776 2493 922 2576 patriam,

96 2625 132 2670 ῃ
170 2595 309 2658 maxime
334 2613 407 2657 oum
424 2593 546 2658 diotum
561 2604 610 2660 est
625 2596 700 2678 quia
714 2595 923 2658 intransmea-

2 2731 3 2748 1
95 2729 132 2773 23
170 2695 246 2762 bilis
270 2720 395 2762 eremus
424 2707 499 2782 post
525 2703 616 2785 terga
644 2697 787 2762 eiusdem
809 2694 921 2762 Indiae

170 2963 186 3007 2
206 2959 306 3018 aquilon
318 2961 346 3016 A,
363 2958 451 3006 Aialon
460 2957 593 3006 Bihltorum
603 2963 680 3006 verrio
692 2958 798 3020 vulpam.
819 2959 849 3006 'b
864 2966 922 3018 port

169 3029 274 3077 famulus
292 3030 379 3076 Porot.
398 3031 466 3076 addit
484 3031 614 3087 {obtinuitt
684 3033 698 3078 7
730 3031 838 3076 arbitrari
857 3030 921 3076 editi.

171 3103 186 3147 9
213 3101 386 3160 respitiendnm
397 3102 426 3158 A,
445 3094 576 3161 respiciens
591 3100 654 3146 editi.
710 3102 741 3147 10
769 3105 801 3158 etl
820 3101 873 3159 quis
893 3101 920 3146 A.

173 3173 204 3218 12
233 3175 406 3231 supputatonas
423 3172 454 3217 B.
518 3173 549 3218 14
576 3183 616 3217 ros
631 3172 822 3230 herophormum]
842 3172 922 3232 aphai-

169 3243 325 3302 rophormum
342 3242 473 3288 Ronaudot.
543 3241 577 3287 23
605 3242 682 3288 eidem
699 3243 728 3289 B.
