2234 3842
80 320 153 354 armo
172 308 202 354 56

101 477 110 518 1
291 449 379 516 Urbs
402 447 512 515 Salvia

99 577 111 620 a
292 553 431 640 Reginia
455 553 579 616 colonia

98 679 112 722 a
292 657 425 744 Ungula

96 782 112 826 4
293 762 469 825 Auximum

97 883 111 928 5
292 865 366 930 Esis

96 988 111 1032 o
292 965 559 1031 Constantiniana

4 1063 6 1080 ‘
96 1092 110 1134 τ
293 1071 422 1151 Pistria‚
446 1092 528 1154 quae
544 1071 723 1134 confinatur
744 1092 817 1134 cum
831 1080 895 1132 ter·

95 1193 110 1237 a
145 1174 252 1239 ritorio
268 1174 409 1238 civitatis
428 1171 689 1260 Senegalliensia‚
704 1174 794 1238 iuxta
808 1196 894 1236 mare

95 1295 110 1340 c
145 1277 267 1361 positae
283 1277 410 1341 Ionium
425 1275 460 1340 id
475 1285 525 1342 eat
545 1277 649 1342 sinum
660 1275 872 1340 Adriaticum.

78 1399 111 1444 10
174 1379 228 1448 56.
273 1379 426 1464 Sequitur
455 1380 597 1445 omnium
624 1379 761 1445 nobilior
790 1403 896 1444 amoe-

78 1506 109 1550 11
145 1485 215 1549 nior
234 1485 370 1550 fertilior
392 1483 488 1548 ditior
511 1495 607 1568 atque
628 1485 789 1570 potentior
802 1483 896 1548 Italia

77 1609 111 1654 12
145 1589 336 1676 generaliter
363 1596 441 1652 tota.
488 1610 584 1671 quam
613 1586 742 1672 quidem
767 1587 896 1671 plurimi

79 1714 110 1758 ra
146 1715 211 1757 non
226 1692 330 1756 solum
348 1690 557 1776 descripsere,
573 1691 631 1756 scd
647 1702 678 1756 et
694 1689 897 1755 laudabiliter

4 1785 6 1822 ÷
79 1825 110 1869 14
145 1817 183 1860 ao
198 1795 468 1880 triumphabiliter
481 1795 626 1860 cecinere
639 1795 820 1880 philosophi
830 1804 896 1858 tam

78 1929 110 1975 15
147 1897 269 1964 Graeci
308 1915 404 1983 quam
438 1897 559 1963 Latini.
609 1921 670 1964 nec
703 1900 894 1984 incongrue:

4 2023 5 2070 1
79 2031 110 2076 10
147 2003 265 2088 quippe
291 2004 391 2068 totius
421 2002 532 2068 mundi
558 2002 775 2067 monarchiam
804 1999 897 2066 obse·

4 2105 5 2160 Ῡ
80 2126 109 2169 17
147 2109 320 2191 quiumque
343 2105 431 2170 urbis
459 2123 499 2171 'ao
519 2105 751 2191 plenitudinem
774 2105 843 2169 sola
863 2105 897 2168 in

182 2332 274 2378 codices
292 2329 364 2393 bsrnr.

149 2439 161 2482 1
187 2435 252 2483 Urbs
271 2434 366 2492 Salvia]
388 2435 454 2482 Urbe
473 2433 554 2481 Salvia
578 2436 642 2492 Aut,
669 2433 812 2480 Urbesaluia
833 2433 896 2490 Tala,

146 2521 208 2552 uano
226 2507 372 2566 Urbisaglia.
437 2508 450 2550 ‘2
479 2505 580 2564 Reginia
602 2504 708 2562 colonial
726 2504 812 2550 Ricina
833 2503 896 2561 Tala,

148 2589 263 2625 concana
282 2590 375 2623 annum
393 2589 479 2622 moran
497 2577 573 2622 Iacer.
588 2575 637 2621 915
658 2574 741 2621 Orelli.
806 2577 819 2620 ³
847 2573 898 2620 Un-

148 2649 218 2709 gula]
238 2653 273 2693 cat
290 2647 433 2707 Cingulum
457 2647 524 2692 hodie
548 2645 651 2706 Cingoli.
724 2647 740 2690 4
767 2645 899 2690 Auximum

148 2722 219 2764 etiam
237 2719 300 2775 Aut,
327 2718 427 2764 Ausimo
449 2717 513 2774 Tab„
540 2732 601 2763 naue
621 2716 711 2762 Osimo.
788 2715 801 2761 5
830 2715 898 2770 Esis]

149 2802 209 2836 con.
228 2800 298 2834 casm
316 2789 391 2834 Iacer.
410 2788 479 2834 3899
499 2786 588 2844 Orelli;
605 2801 666 2832 nanc
684 2787 736 2832 Iasi.
793 2788 807 2831 6
836 2784 899 2831 Con-

150 2860 310 2915 stantiniana]
335 2859 510 2910 costantiniana
536 2873 572 2913 m,·
599 2858 659 2903 idem
681 2871 764 2902 nomeu
787 2856 900 2902 tribuitur

148 2931 246 2990 Egubio
266 2930 377 2976 17810.
433 2927 771 2985 7Pistria180stiasTah.r
825 2930 899 2973 831-

149 2999 293 3060 negalienais
311 3001 370 3045 bmr.
434 3002 447 3045 9
476 3001 567 3045 ionium
584 2999 675 3057 positae
695 2999 717 3043 b.
778 2999 808 3043 10
837 3011 900 3042 ame-

149 3073 203 3118 nior
230 3085 273 3115 mr.
365 3073 395 3116 11
424 3069 501 3130 ytalia
520 3067 584 3129 fmr.
676 3071 706 3115 13
734 3069 789 3126 sed}
816 3074 853 3114 set
872 3066 897 3128 f.

153 3145 184 3187 14
213 3132 256 3197 aclv
273 3147 297 3186 et
320 3140 345 3201 s.
400 3141 409 3186 ΙΙ
452 3140 598 3200 phylosophi
624 3155 654 3185 ru.
754 3139 784 3185 15
814 3142 898 3196 quaml

152 3226 225 3270 quam
243 3216 268 3256 et
285 3211 343 3260 hmr.
419 3213 448 3258 16
468 3211 546 3256 tocius
559 3207 584 3269 f.
659 3212 688 3255 17
717 3210 796 3266 urbia]
820 3206 899 3255 orbis?

151 3285 160 3328 11
174 3282 347 3341 plenituninem
366 3282 387 3328 b.
414 3283 424 3327 ll
450 3283 486 3338 in]
505 3282 529 3326 m
543 3296 564 3324 r.
