2256 3836
259 324 310 377 118
1007 329 1044 375 [Π
1064 331 1077 374 1

279 497 290 538 1
362 469 431 540 III.
454 469 485 539 1.
531 471 586 536 Ad
609 481 734 558 partem
759 472 966 538 meridianam
988 475 1080 538 iuxta

278 597 292 642 2
330 573 498 640 Oceanum
513 585 562 640 est
576 577 681 660 patrio
696 576 928 660 spatiosissima
943 577 1080 642 Aethio-

279 701 293 745 3
331 703 409 764 pum
432 701 513 763 quae
536 677 655 742 dieitur
668 677 889 744 Auxumitana
904 688 936 744 et
952 679 1080 746 Canda-

279 803 294 846 4
332 783 423 847 cissis
450 791 483 846 ot
504 779 777 868 Trogloditorum.
823 804 919 866 quam
941 785 1079 869 patriam

280 905 293 951 o
329 886 437 970 plures
460 884 698 969 descripsemmt
719 885 913 972 philosophi,
936 886 995 952 sed
1017 911 1078 974 ego

279 1011 294 1057 o
331 987 509 1054 secundum
523 985 724 1073 praedictum
740 985 921 1054 Castorium
939 1013 1009 1054 eam
1024 1013 1080 1055 ex-

280 1115 293 1159 7
329 1091 433 1176 posui.
470 1092 504 1156 in
527 1113 590 1174 qua
611 1091 716 1174 patria
730 1091 909 1174 aliquantas
931 1095 1079 1160 civitates

279 1216 293 1260 s
330 1195 428 1260 fuisso
450 1195 603 1281 legimus,
631 1215 672 1257 ox
700 1193 816 1278 quibus
846 1205 999 1282 exparte
1022 1221 1080 1262 110-

280 1319 294 1362 9
330 1299 451 1362 minare
473 1299 631 1379 volumus,
653 1295 688 1360 id
710 1306 760 1361 est

263 1421 294 1465 10
479 1401 628 1466 Auximis
667 1401 854 1484 (provincia
894 1400 1079 1468 Christiana

262 1524 292 1570 11
527 1503 748 1589 philosophis)

262 1627 293 1672 12
481 1607 658 1672 Maithaim

263 1731 293 1776 13
479 1711 614 1778 Maraoa

263 1837 294 1880 14
354 1823 356 1827 ‘
478 1815 621 1880 Adulim.

262 1939 293 1986 15
373 1919 437 1984 Por
470 1941 540 1984 eam
572 1919 709 2002 patriam
741 1919 878 2003 plurima
910 1928 1078 1985 transeunt

262 2043 293 2089 11
330 2021 477 2104 flumina,
500 2021 534 2086 id
556 2031 606 2086 est

262 2148 292 2192 17
479 2125 577 2212 Agon

330 2316 344 2359 2
373 2327 502 2361 occeanum
527 2315 545 2362 G
566 2321 588 2360 et
609 2316 644 2360 sic
666 2313 782 2372 deinceps.
809 2313 819 2359 ΙΙ
841 2320 898 2370 post
922 2320 959 2362 est
982 2317 1004 2361 A
1023 2315 1077 2361 add.

330 2383 377 2430 vel.
405 2385 415 2430 ΙΙ
440 2387 518 2444 patris
541 2389 569 2432 A.
598 2384 607 2430 ΙΙ
637 2386 815 2443 spatiosissimo
839 2383 857 2430 0
883 2387 922 2444 qui
947 2388 982 2432 sio
1010 2386 1077 2432 solet.

329 2455 339 2500 ΙΙ
348 2455 455 2514 ethiopia
466 2457 494 2514 A,
514 2462 628 2517 etyopum
636 2456 666 2512 Β,
684 2457 807 2514 ethiopom
819 2456 894 2515 (coit.
906 2457 1042 2517 ethiopum)
1054 2456 1076 2503 0.

330 2527 547 2574 oauxunitanao.
575 2527 584 2572 ΙΙ
610 2525 756 2572 candaosa.
802 2526 1042 2584 Atrioglioditorum
1050 2529 1076 2584 A,

330 2596 512 2656 trogloditarum
522 2599 550 2656 Β,
563 2597 764 2656 Troglodytarum
777 2596 840 2642 editi.
890 2598 904 2642 6
918 2598 1077 2656 praedictum]

329 2670 526 2727 superscriptum
538 2669 586 2727 BC,
599 2669 786 2728 suprascriptum
799 2668 862 2713 editi.
881 2667 891 2712 ΙΙ
907 2668 1043 2716 hostorium
1053 2667 1076 2716 0.

331 2740 345 2784 7
365 2739 438 2784 fuisse
456 2740 566 2786 civitates
584 2739 648 2784 editi.
703 2739 735 2784 10
755 2739 879 2784 auxumies
898 2737 921 2794 C,
941 2731 1076 2805 Αὐξούμη

329 2808 401 2866 Ptol„
429 2802 550 2875 Ἄξουμις
568 2809 648 2870 stepo.
676 2809 686 2854 ΙΙ
710 2810 847 2868 provincio]
871 2822 915 2866 pro
932 2823 982 2855 una
1007 2809 1074 2866 ABG,

241 2907 243 2912 ·
328 2893 386 2937 prae
404 2895 452 2926 uns
471 2881 534 2926 editi.
562 2881 571 2926 11
598 2879 747 2936 christiana}
766 2881 863 2926 christia
881 2880 925 2924 AB
943 2879 1009 2938 editi,
1034 2883 1076 2927 cri-

330 2950 389 2994 stria
408 2951 482 3010 (corr.
502 2952 594 3011 cristis)
615 2950 638 2998 G.
695 2951 894 3006 12mar11a1A,
919 2953 1034 2998 mortaim
1053 2950 1075 3008 0,

328 3019 456 3066 Marthann
474 3023 560 3068 Poroh.
584 3021 657 3068 Groo.
676 3021 700 3079 2,
727 3021 840 3067 Morthan
864 3021 984 3077 Groo.1‚·
1007 3021 1076 3083 forto

328 3089 429 3136 Mathan
440 3092 535 3138 Edrisii
547 3107 595 3138 esse
606 3099 683 3138 monet
694 3092 838 3138 Porohoroo.
883 3093 914 3138 13
927 3093 1042 3138 morocha
1052 3091 1074 3150 0,

328 3160 435 3207 Mareato
446 3163 539 3208 Edrisii
548 3163 675 3224 adloqatm·
686 3179 701 3208 a
710 3163 868 3209 Porcios-one.
917 3163 948 3208 14
961 3156 1074 3226 Άὸοὑλη

328 3231 400 3288 Ptol„
419 3224 628 3292 Ἅθουλιςθῐερὴ.
684 3235 714 3280 15
735 3237 795 3290 eam}
808 3237 853 3280 eus
862 3236 890 3278 A.
945 3236 976 3280 17
995 3234 1073 3294 Agon]

328 3294 451 3368 ποταμὸς
474 3296 590 3373 Ἅγωνοε
611 3296 687 3375 παρὰ
713 3297 766 3368 τὴν
788 3303 946 3354 Αἰθιοπίαν
972 3305 1072 3368 Hesyct.
