2198 3840
285 465 439 531 Sinuessa
489 512 492 520 ,

285 569 468 634 Menturnis

287 669 399 736 Caieta

285 775 412 840 Formis

285 879 404 944 Portus

283 982 409 1047 Fundis

285 1087 460 1150 Terracina

246 1207 249 1213 '
286 1190 399 1255 Turris

287 1291 432 1359 Circeius

285 1397 406 1463 Turres
429 1398 517 1463 albas

287 1501 425 1567 Plostris

287 1603 386 1672 Satur
407 1629 488 1689 quae
512 1617 544 1672 et
565 1607 739 1692 Neptunus

287 1708 396 1774 Istura

287 1813 423 1877 Antium

285 1915 457 1982 Lavinium

285 2020 484 2087 Laurentum

289 2123 385 2208 Ostia
406 2127 568 2191 Tiberina.
626 2125 666 2192 ab
701 2129 763 2192 hae
790 2127 890 2193 distat

139 2227 216 2293 urbs
233 2224 339 2294 Roma
354 2229 396 2294 ad
412 2231 515 2296 solum
529 2232 656 2296 firmum
671 2231 807 2296 miliaria
823 2251 874 2295 xu.

183 2333 235 2401 34.
289 2333 425 2398 Portum
447 2335 590 2422 Augusti

288 2439 419 2502 Astiuni

287 2541 416 2628 Purgus
486 2595 488 2604 i

173 2777 265 2822 codices
283 2774 355 2835 bfeur.
580 2774 613 2834 ef.
630 2777 688 2820 Rue.
702 2776 752 2820 265
773 2775 806 2820 13
818 2791 852 2834 eq.

139 2886 152 2928 ὁ
184 2883 269 2928 Portus
295 2879 407 2941 sortasse
437 2894 488 2924 eum
521 2880 669 2925 antecedente
696 2881 887 2941 coniunqeadum.

139 2956 153 2998 9
181 2955 286 2999 tareeins
298 2949 324 3011 f.
384 2951 412 2995 12
436 2949 520 3006 Satur]
540 2949 641 2996 Saturae
658 2950 728 3010 palus
745 2950 842 3012 Virum
861 2952 889 2996 de

138 3023 225 3070 Satura
244 3029 266 3068 et
283 3022 362 3068 Istura
384 3019 418 3080 cs.
433 3021 512 3066 Vibius
530 3021 599 3079 δορα.
614 3035 641 3079 p.
654 3021 704 3066 283
727 3023 762 3068 ed.
783 3021 887 3068 Oberlia.

137 3096 146 3140 ΙΙ
155 3095 275 3154 neptunus
294 3109 324 3138 m.
381 3094 412 3137 14
436 3093 531 3138 aucium
549 3106 593 3147 mr,
614 3098 678 3138 annu
691 3090 717 3152 f.
773 3093 803 3138 15
828 3093 888 3138 laui-

137 3179 193 3211 num
207 3165 228 3221 b,
246 3165 354 3210 leumurn
361 3161 387 3223 s.
425 3164 456 3208 16
474 3162 610 3207 lausentum
623 3160 658 3221 bf.
704 3165 733 3208 17
752 3164 889 3210 hostiumr.

137 3237 147 3282 ΙΙ
160 3237 272 3296 tyberina
284 3233 362 3298 fuat!
387 3233 431 3289 ab]
452 3234 481 3278 ad
501 3233 522 3277 b.
582 3234 610 3278 18
629 3247 727 3280 romana
745 3249 790 3279 mr.
809 3234 819 3278 ΙΙ
840 3240 888 3292 xu]

138 3307 265 3354 duodecim
284 3305 306 3350 ὁ.
370 3305 401 3349 20
429 3303 523 3350 Aetium
542 3317 587 3348 om.
605 3301 650 3348 mr.
711 3305 740 3350 21
770 3310 841 3364 purg·
859 3320 889 3350 m.
