2198 3840
5 730 10 774 l

4 901 8 958 ἢ,

4 1027 7 1083 l

78 350 158 384 ovino
181 340 215 384 2⁹
459 349 461 354 '
604 356 610 373 ¹
851 337 904 392 469

95 506 106 548 1
146 491 181 546 et
209 493 306 568 portu
336 484 479 548 eiusdem
501 484 627 549 Lietiae
658 485 720 549 sita
748 496 813 566 est,
844 505 904 549 xxx

94 609 107 652 2
145 585 217 650 fere
238 587 376 651 miliaria
398 596 623 672 supputantur.

93 710 107 756 a
181 687 236 757 29.
268 677 271 685 s
304 689 474 755 Ydrontus

92 813 108 857 4
302 793 498 876 Minervam,
520 795 554 858 in
577 815 641 877 qua
661 797 816 880 templum
839 795 904 859 Mi-

93 919 107 964 5
146 921 279 980 nervae,
300 896 357 961 ubi
368 898 530 962 Anchises
546 907 639 982 pater
654 899 785 963 Aeneae
799 899 903 984 primo
951 917 952 928 ¹

93 1021 108 1066 s
146 1001 315 1066 hominem
350 1023 449 1084 equos
483 1011 652 1086 pascentes
686 1001 812 1066 Italiam
847 1001 904 1065 ad-

2 1160 5 1191 ,
94 1123 108 1170 7
148 1114 265 1170 vectus
288 1105 465 1190 prospexit,
488 1114 525 1169 ut
545 1105 617 1169 infit
632 1104 799 1192 Virgilius.

2 1214 6 1264 ἲ
93 1230 109 1274 s
171 1293 174 1308 ,
302 1209 437 1273 Beretos
461 1230 543 1292 quae
566 1231 652 1272 nunc
674 1208 785 1273 Leuca

1 1326 4 1413 J
95 1331 109 1376 s
303 1311 429 1375 Yentos
454 1335 535 1395 quae
557 1333 644 1376 nune
667 1312 855 1398 Augentum

1 1417 4 1493 }
77 1427 110 1472 10
302 1414 490 1478 Valentium

79 1529 110 1574 11
301 1517 425 1583 Lubias
447 1517 504 1582 ubi
526 1541 612 1582 nune
636 1528 685 1583 est
708 1518 861 1606 Calipolis

2 1659 4 1677 r
79 1633 111 1677 12
302 1621 455 1688 Saturum

1 1769 2 1786 1
80 1736 111 1782 13
301 1726 496 1807 Tarentum,
525 1727 638 1790 inolita
666 1749 705 1791 ae
732 1727 850 1814 regalis
873 1738 906 1790 et

2 1896 3 1903 ,
80 1839 113 1884 14
153 1830 294 1894 omnium
319 1830 482 1914 copiarum
505 1831 757 1914 opulentissima,
785 1831 906 1914 inqua

1 1956 5 2029 l,
82 1946 112 1990 15
153 1925 295 2012 Quintus
307 1933 433 1998 Ennius
444 1943 540 2018 poeta
557 1935 798 2017 antiquissimus
814 1957 905 1998 exor-

3 2051 4 2054 ’
82 2053 114 2100 16
152 2044 205 2100 tus
227 2035 351 2101 Romae
374 2036 491 2101 floruit.

188 2162 279 2208 codices
298 2161 370 2222 bfmr.
620 2163 654 2225 ef.
666 2165 725 2211 Rau.
740 2166 789 2210 261
810 2166 869 2209 262.

154 2259 167 2302 1
185 2259 253 2312 xxx]
272 2257 373 2316 triginta
385 2257 405 2303 b.
449 2259 463 2302 2
483 2258 644 2316 subputantur
655 2273 685 2306 m.
728 2261 742 2304 3
762 2261 870 2305 ierontus
883 2257 904 2302 b.

153 2327 167 2374 5
197 2341 254 2373 enee
283 2326 355 2388 bfmr.
392 2328 401 2374 ll
439 2328 516 2386 primo
543 2329 678 2384 hominem]
706 2331 774 2374 immo
802 2331 905 2388 primum

152 2411 230 2444 omen.
281 2401 294 2444 7
313 2397 441 2458 Virgilius]
461 2399 536 2454 virm·
554 2398 680 2444 Aeneid.3
699 2399 759 2445 537.
808 2402 822 2445 8
841 2411 905 2444 nune

148 2466 327 2529 pmiLeucas.
372 2469 534 2528 tangentum
541 2467 567 2528 f,
586 2469 709 2517 auleatum
720 2485 765 2516 mr.
808 2471 844 2516 ‘10
863 2482 905 2514 va-

152 2549 257 2595 leueium
269 2547 295 2610 f.
352 2550 382 2594 11
401 2533 483 2596 lubias
505 2565 550 2595 mr.
587 2551 596 2596 ll
624 2547 736 2612 forimre
754 2551 813 2596 ordo
831 2550 905 2594 nomi·

151 2635 206 2665 num
230 2621 338 2666 turbatus
362 2627 402 2665 est.
445 2621 509 2680 apud
530 2621 689 2667 Rauennatem
713 2621 778 2679 (261
803 2621 835 2666 10
853 2621 904 2677 sq.)
989 2628 991 2631 '

152 2690 264 2750 loquutur
281 2691 449 2748 Brenderium,
468 2691 601 2747 Baletium,
622 2692 714 2751 Lupia,
734 2691 817 2738 deinde
836 2689 903 2747 (262

154 2762 226 2818 6-8)
255 2761 388 2818 Baletium,
418 2761 544 2819 Neretum,
572 2763 708 2820 Manduris;
737 2759 805 2822 infra
829 2767 905 2806 autem

152 2847 172 2878 c.
185 2831 216 2877 71
236 2831 387 2889 Veientium,
412 2832 577 2890 Brundisium,
602 2833 696 2890 Licuit,
716 2832 799 2878 deinde
817 2831 907 2877 Valen-

152 2904 221 2961 tium,
239 2902 337 2959 Lubias,
357 2901 475 2948 Saturum.
505 2904 514 2948 ll
541 2903 669 2962 Calipolis]
690 2906 814 2949 etiamnum
828 2901 905 2948 Galli-

153 2974 212 3032 poli.
279 2974 309 3019 15
338 2972 452 3030 Quintus]
473 2973 502 3027 Q.
515 2972 579 3033 fmr.
615 2975 625 3020 ll
667 2975 771 3020 Ennium
788 2974 905 3019 Rudinum

152 3047 223 3090 etium
254 3044 403 3090 Tarentinum
430 3043 551 3102 appellari
583 3045 651 3090 docet
677 3046 833 3104 Hieronymus
863 3042 906 3089 Co-

153 3114 234 3160 lumna
257 3117 282 3160 in
304 3117 352 3160 uita
370 3116 454 3169 Ennii,
479 3117 522 3160 etsi
545 3129 605 3174 quae
629 3115 730 3161 Sanctus
748 3116 907 3174 Hieronymus

153 3188 177 3230 in
200 3185 312 3230 chronico
330 3186 463 3231 Eusebiano
487 3186 556 3231 liubai
580 3185 701 3240 „Quintus
723 3186 816 3232 Ennius
834 3190 907 3244 poeta

152 3255 252 3302 Tarenti
270 3257 389 3302 naseitur“
408 3258 433 3321 iu
450 3257 548 3302 Emetii
565 3257 666 3302 editione
684 3259 791 3302 armenia
808 3270 855 3300 non
874 3253 906 3300 le·

152 3332 251 3386 quntum
