2198 3840
40 329 101 376 118

1 521 2 554 ÷
55 499 66 542 1
247 471 360 538 Ebusa

1 609 2 670 1
248 574 363 642 Gabis.

1 683 2 736 ἒ
53 704 65 748 a
126 677 180 746 28.
227 679 454 746 Terminautes
477 678 615 763 denique
630 680 745 746 Asiam
760 680 849 746 Airi-

51 809 65 852 4
97 805 164 848 carn
188 805 247 847 seu
269 783 448 868 Europam,
471 781 513 848 ad
535 803 720 868 supremum
742 792 779 848 ut
801 782 850 848 di·

1 929 2 978 3
52 911 63 956 1
97 908 204 952 camus
235 885 414 970 completur
443 887 611 951 universus
640 886 795 969 mundus,
829 911 849 952 a

1 995 2 1082 1
51 1014 63 1057 c
95 1000 183 1075 parte
213 989 337 1074 primae
361 986 504 1054 Orientis
531 987 644 1054 Indiae
671 990 848 1057 Dimiricae

1 1091 2 1094 '
52 1119 63 1161 v
94 1093 202 1158 Evilat
232 1091 357 1156 habens
392 1092 462 1177 ipse
495 1091 635 1162 mundus
663 1093 760 1158 finem
787 1094 848 1160 deo

1 1251 2 1260 ,
50 1220 62 1264 a
94 1207 204 1263 nostro
227 1193 450 1262 tantummodo
479 1195 662 1281 cognitum,
691 1199 781 1281 quia,
810 1207 847 1263 ut

1 1341 2 1390 3
50 1324 62 1368 s
95 1300 253 1380 diximus,
282 1299 364 1364 nulli
393 1299 559 1364 hominum
585 1300 778 1384 permissum
799 1310 849 1366 est

1 1407 2 1418 ’
36 1427 62 1471 1ο
93 1406 191 1469 finem
206 1401 351 1467 eiusdem
365 1403 486 1488 primae
502 1399 646 1468 Orientis
661 1401 773 1469 Indiae
787 1405 849 1469 Di·

1 1559 2 1594 1
36 1529 60 1572 11
95 1508 226 1572 miricae
260 1505 370 1570 Evilat
402 1505 551 1590 reperire.
607 1504 739 1572 dextrae
772 1530 848 1573 vero

1 1597 2 1634 ³
36 1630 62 1674 11
94 1611 194 1696 partis
217 1608 401 1694 praedictae
421 1607 534 1674 Indiae
548 1609 725 1675 Dimiricae
739 1610 848 1676 Evilat

1 1751 2 1778 1
36 1733 61 1777 11
94 1713 257 1778 invenitur
272 1709 423 1778 Oceanus
446 1712 502 1795 qui
523 1714 628 1800 tangit
642 1713 769 1780 Indiam
783 1722 847 1780 ter-

1 1817 2 1858 3
35 1839 61 1883 14
95 1817 173 1883 tiam
200 1816 354 1882 maiorem
383 1838 479 1900 quam
505 1815 722 1901 praediximus
745 1818 847 1883 Ther-

1 1949 2 1954 *
35 1942 60 1988 15
95 1920 278 1985 manticam.
325 1919 472 1986 sinistrae
502 1928 610 1984 autem
631 1921 733 2005 partis
755 1945 847 2008 prae·

35 2045 61 2090 1⁶
95 2023 179 2088 fatae
207 2021 320 2088 Indiae
348 2023 525 2089 Dimiricae
552 2022 662 2088 Evilat
689 2024 846 2110 reperitur

35 2149 60 2195 11
96 2125 247 2194 Oceanus
277 2126 407 2194 Sericus
435 2126 548 2192 Indiae
570 2126 777 2192 Bactrianae:
804 2127 846 2192 ad

98 2392 109 2434 1
129 2389 226 2436 Ebusus
240 2387 312 2445 Plau,
327 2387 422 2433 Ebusos
431 2385 505 2442 Mala,
514 2379 630 2452 ’Ἐβυσος
642 2379 845 2454 &radaman-

2 2477 3 2482 ’
95 2459 222 2517 comet,
240 2459 387 2518 aaaclvipa.
442 2455 565 2514 2Gabisl
585 2473 656 2517 „aum
669 2456 748 2503 Gades
766 2459 843 2504 mm

94 2530 180 2576 Porcia.
217 2531 227 2576 ΙΙ
256 2536 314 2589 past
337 2529 412 2576 Gabis
433 2527 524 2574 Cadd.
547 2529 576 2573 de
599 2529 765 2574 terminatione
788 2543 844 2589 asye
875 2553 878 2558 Δ

94 2603 174 2647 affrice
193 2615 289 2660 europe.
330 2600 431 2658 qualiter
453 2605 519 2644 totus
541 2601 644 2644 mundus
667 2598 800 2658 completur
820 2605 845 2646 et

95 2673 122 2718 de
140 2673 229 2718 finibus
247 2672 351 2718 universi
369 2671 458 2716 mundi.
515 2671 529 2716 6
558 2671 644 2715 dimica
661 2671 690 2715 A,
750 2672 764 2716 7
792 2670 844 2728 ipse

94 2757 138 2789 am.
158 2744 181 2787 B
200 2742 269 2797 editi,
296 2742 338 2788 sed
356 2743 378 2786 B
400 2744 425 2786 ia
443 2742 551 2800 marytre
569 2755 640 2798 apr.
659 2756 688 2786 m.
708 2740 778 2786 tabet
795 2742 842 2800 ipe.

94 2816 108 2860 8
129 2813 197 2871 quial
219 2817 266 2871 qua
283 2814 312 2858 A.
367 2814 381 2858 9
401 2815 449 2868 est}
469 2817 505 2857 est
523 2812 548 2856 in
565 2812 609 2856 AB
627 2811 691 2856 editi.
748 2812 778 2856 10
797 2812 844 2858 fine

93 2886 136 2930 AB
154 2885 218 2929 editi.
250 2885 259 2929 ll
284 2884 367 2929 mirice
385 2883 414 2928 A.
488 2884 518 2926 11
547 2881 630 2927 Evilat
653 2897 697 2926 om.
717 2881 761 2926 AB
779 2882 842 2927 editi.

93 2955 102 3000 ΙΙ
113 2955 230 3014 repperiri
257 2955 290 3012 A,
327 2954 424 3012 reperiri
451 2954 474 2998 B
500 2953 564 2998 editi.
648 2954 678 2998 12
706 2952 788 2996 mirice
813 2954 841 2997 A.

94 3028 124 3071 13
152 3026 237 3071 Indiae
266 3025 334 3082 editi,
367 3038 412 3070 om.
438 3023 485 3070 AO.
559 3024 590 3068 14
618 3029 676 3080 post
702 3023 797 3068 tertiam
827 3021 846 3068 G

91 3097 145 3142 add
156 3101 257 3154 partem.
276 3096 286 3142 li
302 3096 474 3154 praediximus!
486 3093 591 3138 diximus
603 3092 672 3148 editu·
685 3091 780 3152 cf.114
799 3093 841 3138 11.

90 3168 100 3212 11
108 3174 165 3226 post
184 3168 348 3225 praediximus
368 3166 386 3212 (l
403 3165 458 3210 add.
478 3165 575 3209 indiam.
603 3163 612 3207 ll
638 3164 803 3210 thermaticam
812 3165 840 3221 A,

90 3238 257 3284 thermaticam
275 3239 305 3284 B.
357 3239 387 3283 16
407 3235 490 3282 Evilat
508 3249 552 3280 om.
570 3235 615 3279 AB
634 3234 698 3280 editt.
748 3236 778 3280 17
798 3235 841 3280 ba-

89 3311 166 3356 triane
184 3307 254 3366 ABG,
274 3311 313 3368 qai
330 3323 384 3354 moa
401 3307 532 3354 bactriana.
