2210 3834
80 333 124 379 v1
828 331 880 384 315

95 503 105 545 1
137 501 242 544 corum
263 476 407 563 possidet
426 479 601 564 generatio,
622 478 699 542 item
714 475 881 544 Oceanum

93 606 105 651 a
137 582 300 663 Britanici,
323 579 630 668 Spanoguasconioi‚
651 605 763 646 verum
785 583 881 646 etiam

93 711 105 755 a
136 683 263 770 Spanioi
285 707 386 769 usque
408 685 450 750 ad
473 707 571 770 supra
593 685 748 770 seriptum
762 686 881 750 fretum

93 814 105 857 s
138 787 220 873 quod
248 787 387 855 diximus
414 786 715 874 Septemgaditane,
749 787 805 852 ubi
833 797 882 854 est

93 913 104 958 s
135 915 223 957 mous
246 890 384 958 Statiola
405 903 437 958 et
458 891 583 958 insulae
603 891 812 958 Fortunatae.

92 1019 104 1064 o
166 993 252 1064 Vl.
297 995 342 1061 Et
363 997 392 1061 si
413 1005 499 1061 amat
519 996 621 1062 lector
642 994 694 1060 vel
709 993 836 1058 auditor
851 1001 882 1057 et

92 1123 104 1166 r
136 1099 245 1164 volunt
267 1099 417 1165 subtilius
432 1100 514 1164 scire
531 1108 617 1166 totas
633 1099 779 1164 civitates
797 1097 883 1160 oiroa

91 1224 104 1268 s
137 1204 229 1269 litora
250 1203 350 1268 totius
371 1203 468 1268 maris
484 1204 592 1289 magni
606 1204 727 1288 positas
742 1209 883 1265 tantum-

92 1327 104 1372 a
136 1307 229 1373 modo
252 1329 349 1371 unam
371 1306 463 1370 alteri
486 1328 651 1388 conexam,
674 1306 734 1370 etsi
750 1326 803 1369 eas
819 1304 882 1368 iam

79 1432 104 1477 ro
136 1421 219 1476 totas
242 1410 476 1475 nominavimus
498 1433 555 1494 per
577 1410 721 1496 singulas
737 1429 811 1472 suas
826 1428 883 1491 po-

78 1539 103 1582 11
137 1516 212 1580 sitas
241 1514 380 1600 patriae,
416 1521 556 1578 attamen
583 1515 771 1578 reiterantes
798 1520 883 1576 totas

79 1642 104 1686 ia
137 1620 221 1683 cirea
242 1618 338 1681 litora
358 1617 455 1682 maris
478 1619 586 1704 magni
606 1617 728 1702 positas
752 1611 882 1679 Christo

45 1709 48 1714 ¹
77 1745 104 1791 ra
137 1721 228 1786 nobis
263 1720 436 1785 auxiliante
475 1721 628 1786 minutius
662 1718 883 1805 designemus:

79 1847 105 1893 14
136 1824 220 1890 unde
242 1824 329 1888 illioo
357 1823 418 1889 deo
444 1833 604 1890 annuente
625 1823 816 1908 incipientes
839 1822 885 1888 ita

79 1950 104 1996 rt
137 1951 189 1993 eas
218 1928 453 1994 nominavimus
482 1937 515 1993 et
542 1925 737 1994 nominando
766 1923 885 1991 subici-

78 2055 105 2099 rs
137 2053 224 2112 mus,
246 2031 391 2115 inprimis

141 2256 151 2300 1
181 2255 307 2314 generacio
328 2253 352 2301 0.
379 2255 389 2300 ΙΙ
414 2255 470 2300 item
489 2259 542 2312 eta}
561 2256 619 2302 item
637 2254 747 2302 Oceanus
764 2253 887 2301 Britanni-

138 2338 178 2371 cus
195 2324 356 2383 Aquitanicus
368 2323 623 2384 Spanogusscouiscus
640 2340 723 2372 verum
740 2326 812 2372 etlam
825 2323 886 2382 spa-

137 2396 203 2442 nicus
223 2394 308 2441 Gaido.
336 2395 346 2440 ll
371 2409 500 2442 occeanum
512 2397 541 2454 A,
560 2401 643 2444 occani
661 2393 801 2454 B‚'Ocaani
820 2394 885 2440 editi.

138 2467 152 2512 2
175 2466 260 2520 etism]
276 2471 305 2511 'et
322 2465 386 2511 editi.
440 2467 454 2512 3
479 2468 512 2514 ad
529 2467 630 2514 om.AB
647 2467 713 2513 editi.
767 2467 783 2512 4
806 2469 886 2524 septe-

138 2537 265 2596 gadditane
276 2538 306 2592 A,
325 2536 526 2595 septsgsdditsuu
540 2537 563 2594 0,
582 2537 774 2602 septe-gaditana
786 2536 809 2581 B
821 2535 886 2580 editi.

139 2606 274 2654 istaciola
295 2604 318 2662 0,
341 2605 440 2652 tastiols
458 2603 504 2665 (ils,
522 2607 612 2654 testula
631 2607 669 2654 Gr.
697 2608 707 2654 ll
732 2611 767 2662 et}
786 2604 826 2651 vel
843 2605 886 2652 AB

138 2676 201 2724 editi.
233 2677 242 2723 ΙΙ
269 2682 327 2736 post
348 2676 492 2722 Fortunatae
517 2676 535 2724 0
557 2677 613 2724 add.
637 2677 751 2737 prologus
774 2675 886 2722 auctoris.

138 2747 166 2793 de
176 2747 317 2794 civitatibus
326 2747 396 2794 iuxta
404 2760 469 2792 mare
478 2761 591 2806 maguum
600 2749 694 2806 positis.
735 2749 749 2793 6
768 2759 851 2794 amans
861 2743 886 2792 C.

138 2817 185 2865 let
203 2816 335 2874 (alteram)
355 2831 400 2862 om.
418 2816 461 2863 Bo
477 2817 541 2864 editi.
596 2819 611 2864 8
636 2818 722 2866 littora
738 2815 787 2866 Bc.
814 2816 825 2862 ΙΙ
849 2821 887 2862 to·

138 2888 189 2934 cius
207 2889 237 2934 B.
286 2889 300 2934 9
329 2886 427 2934 alterius
448 2889 467 2933 B
485 2888 541 2934 editi
559 2895 586 2934 ut
603 2887 766 2950 infraVIG.
794 2888 804 2934 ll
830 2899 887 2933 con·

137 2972 225 3006 nexam
238 2957 303 3004 editi.
322 2957 332 3004 ΙΙ
354 2959 412 3014 etsi}
430 2958 469 3004 val
481 2959 503 3005 si
520 2959 639 3006 ABedits'.
694 2961 724 3006 10
746 2957 888 3018 lllpatrias

138 3032 228 3088 positas
249 3028 273 3075 t'.
339 3029 369 3076 11
398 3034 545 3076 attamen-
560 3031 590 3078 12
619 3032 710 3089 positas
737 3045 781 3076 om.
799 3027 888 3076 Porcia

141 3100 171 3145 12
188 3099 273 3146 littora
290 3097 338 3146 BC.
394 3101 425 3146 18
445 3101 553 3148 minutiis
578 3100 603 3148 0.
630 3102 639 3148 ΙΙ
665 3102 842 3160 designabimus
863 3097 887 3145 O.

141 3171 172 3216 14
194 3171 303 3216 unde-
324 3170 354 3217 15
378 3171 487 3230 inprimis
509 3187 554 3218 om.
574 3172 618 3218 AB
635 3171 699 3220 editi.
773 3174 804 3220 16
830 3176 887 3230 post

139 3241 270 3288 subicimus
294 3239 384 3288 caan.
404 3242 515 3291 civitates
533 3244 579 3290 iste
597 3248 653 3290 sunt
671 3256 748 3291 ιω.
777 3243 788 3289 ΙΙ
813 3241 888 3301 inpri-

139 3313 198 3370 mis]
217 3313 283 3372 quod
299 3313 343 3360 AB
361 3311 425 3362 aditi.
