2256 3836
240 293 291 348 158

259 467 271 510 1
459 441 548 508 Usar

258 567 272 612 a
460 545 612 631 Agilaam

258 671 272 715 a
460 647 554 712 Mina

258 773 273 818 4
461 748 535 816 Sira

259 874 272 920 5
460 854 626 942 Tasagcra

259 978 273 1022 s
460 957 559 1023 Isaris

259 1082 273 1126 7
461 1061 633 1148 Nigrensis

260 1187 274 1230 s
298 1211 301 1218 -
462 1164 564 1252 Ligar
586 1175 618 1230 et

261 1291 275 1334 s
462 1268 585 1334 Malba.

245 1397 275 1441 10
345 1371 376 1439 9.
421 1372 504 1436 Item
526 1373 616 1438 iuxta
631 1372 798 1438 Oceanum
811 1373 942 1459 ponitur
956 1373 1069 1457 patria

245 1499 274 1543 11
313 1499 394 1560 quae
417 1475 535 1540 dicitur
556 1477 754 1542 Mauritania
775 1476 904 1540 Perosis
927 1477 980 1539 vel
1002 1473 1068 1541 Sa-

244 1602 275 1646 12
311 1580 464 1661 linarum,
502 1603 583 1663 quae
622 1581 787 1646 confinalis
820 1580 929 1644 existit
963 1602 1069 1664 supra

245 1706 275 1750 13
313 1683 450 1769 scriptae
479 1683 670 1770 Aethiopiae
692 1683 882 1749 Bibcblatis.
933 1683 968 1746 in
998 1705 1069 1765 qua

244 1808 276 1854 14
312 1787 479 1852 Perosium
493 1787 691 1852 Mauritania
708 1789 882 1852 maximum
896 1785 1068 1850 desertum

244 1909 274 1956 15
314 1913 383 1955 esse
407 1889 587 1956 ascribitur.
632 1893 666 1956 in
682 1915 745 1976 qua
759 1891 863 1977 patria
878 1897 954 1955 sunt
968 1913 1068 1953 mon·

244 2017 275 2061 16
312 2003 361 2059 tes
378 1995 432 2078 qui
448 1993 599 2058 dicuntur
609 1995 703 2060 Litri.
743 1996 834 2060 cuius
848 1994 971 2080 patriae
985 2003 1068 2077 post

244 2121 274 2166 17
311 2107 404 2185 terga
424 2099 537 2190 procul
559 2100 642 2163 infra
657 2097 825 2165 Oceanum
846 2109 912 2163 tres
934 2097 1076 2170 insulae¹

244 2224 275 2270 18
313 2202 528 2266 inveniuntur.
574 2205 665 2268 cuius
694 2204 816 2289 patriae
844 2201 885 2266 ad
909 2202 1067 2284 frontem,

243 2313 274 2373 ia
312 2328 368 2391 per
390 2305 555 2370 meridiem
579 2316 686 2372 essent
709 2307 841 2392 espatia,
862 2306 938 2370 litus
961 2307 1066 2370 maris

243 2433 275 2478 ac
312 2410 420 2495 magni
441 2411 571 2493 ponitur
591 2411 696 2496 patria
718 2433 799 2494 quae
823 2408 941 2474 dicitur
962 2409 1067 2475 Mau-

314 2574 325 2617 1
346 2571 408 2617 Usar
425 2573 495 2616 etiam
507 2571 579 2628 Plu„
598 2571 714 2641 Σίσαρος
725 2571 853 2638 ποταμοῦ
866 2567 980 2638 ἐπιβολαί
994 2563 1064 2618 Ptol.

313 2644 326 2688 3
346 2642 426 2697 Mina]
446 2641 557 2702 hodieque
574 2657 656 2688 noman
668 2643 744 2703 fluvii,
767 2643 800 2689 ud
818 2658 883 2704 quem
900 2645 948 2688 aitc
965 2643 1068 2688 videtur

310 2712 378 2758 Mina
404 2714 458 2758 Ant.
525 2715 539 2759 ὃ
567 2714 702 2760 Tasaccora
719 2715 829 2774 oppidum
846 2715 910 2771 Ant,
938 2713 1067 2760 Taaaccra

312 2784 362 2828 160
382 2785 406 2829 6.
462 2785 475 2828 7
503 2784 626 2843 Nigrensis
645 2785 709 2830 editi.
764 2787 778 2830 9
806 2783 888 2830 Malva
905 2785 970 2840 Ant,
1000 2787 1066 2835 Ma-

310 2849 377 2903 λούα
395 2850 507 2918 ἐκβολαί
521 2855 593 2912 Prot,
613 2854 724 2901 Malrana
742 2855 804 2901 Plia.
862 2857 891 2900 11
912 2853 1065 2913 Salinarum}

312 2923 405 2970 Salinas
417 2925 605 2970 Nubonenenses
623 2925 693 2971 habat
709 2926 763 2972 Tub.
815 2925 845 2970 12
865 2925 957 2980 existitl
977 2932 1014 2972 est
1038 2926 1064 2974 0.

313 2997 343 3040 13
363 2997 475 3054 ethyopia
494 2996 524 3040 B.
551 2996 560 3040 11
586 2996 716 3042 bihcblatis
734 2997 785 3054 AB,
809 2995 949 3042 biblablatis
970 2993 995 3054 0,
1019 2997 1065 3044 Bi-

310 3065 415 3112 blcbatis
434 3066 497 3110 editi.
573 3067 602 3111 15
631 3068 774 3114 adscribitur
791 3068 855 3113 aditi.
924 3067 955 3112 16
984 3067 1064 3126 Litril

310 3135 421 3194 Lytricus
440 3137 509 3193 edita·
527 3135 590 3196 ef,7
610 3138 652 3182 14.
722 3140 752 3183 17
771 3137 810 3184 Ad
828 3145 875 3184 tres
893 3138 984 3184 insulas
1002 3141 1064 3186 Aac.

312 3208 343 3252 19
370 3207 504 3264 meridiem}
524 3208 628 3254 medium
652 3209 721 3265 edita·
751 3207 817 3268 cf.7
841 3207 874 3253 17
900 3215 922 3254 at
944 3209 996 3254 161
1016 3211 1063 3257 13.

309 3278 319 3323 ΙΙ
333 3279 428 3336 aspacic
443 3277 467 3324 C.
517 3281 548 3324 20
569 3283 638 3338 quael
651 3280 739 3338 quitria
752 3281 793 3338 qui
805 3281 856 3337 AB,
871 3281 959 3338 quitria
972 3294 1018 3338 qne
1036 3281 1063 3328 0.
1123 3303 1124 3306 ¹
