2210 3834
67 331 113 380 Η
817 329 870 386 m

83 502 93 546 1
165 476 200 544 Si
220 501 298 542 vero
322 478 439 562 aliquis
463 477 579 544 doctus
601 478 726 544 astucia
741 489 774 544 et
792 478 867 545 sub·

82 604 94 649 r
124 583 235 647 tilitate
263 582 453 667 perniciosa,
480 603 540 647 cur
566 582 766 669 supradictas
791 583 868 647 civi-

9 735 10 744 t
81 708 93 752 a
124 694 202 750 tates
224 685 303 749 illuc
330 686 376 749 ita
401 686 634 751 nominavimus
657 696 690 751 et
711 708 798 750 nunc
819 686 868 750 in-

9 815 11 824 ·
80 815 94 860 4
123 791 216 854 ferius
228 789 322 854 aliter
335 787 529 854 nominando
544 790 764 875 supponimus,
780 788 867 854 dicat

81 919 93 964 5
124 916 216 977 qnare
231 893 294 958 hoo
308 893 442 958 fecimus
458 902 490 957 et
503 893 669 974 faciemus,
689 892 868 979 respondeo

80 1016 92 1061 s
123 996 155 1061 id
194 996 282 1081 quod
321 1019 418 1082 supra
453 1019 642 1082 responsum
685 1005 744 1061 est.
811 994 869 1062 sod

80 1132 91 1176 ⁷
124 1109 252 1184 quaerat
274 1101 506 1186 suprascriptas
529 1101 674 1164 civitates
692 1100 777 1164 circa
791 1101 867 1165 litus

79 1225 91 1270 s
122 1205 215 1270 maris
245 1202 402 1289 praedicti
430 1205 552 1288 positas
581 1213 614 1268 et
636 1225 655 1267 a
678 1203 771 1268 nobis
794 1203 868 1267 inti-

79 1329 91 1373 a
122 1317 232 1389 metas,
266 1316 298 1371 et
331 1307 419 1392 legat
451 1317 484 1372 et
512 1309 657 1394 perlegat
685 1305 867 1371 omnimodo

65 1429 91 1475 ro
122 1435 184 1494 eas,
198 1411 337 1496 reperiet
350 1409 435 1475 idem
450 1421 483 1477 et
497 1411 635 1476 eundem
650 1411 867 1496 significantes

66 1538 90 1583 11
123 1525 153 1580 et
173 1514 280 1580 verbis
302 1538 404 1600 paene
427 1515 547 1582 eisdem
570 1514 748 1598 descriptas
772 1524 867 1598 atque

65 1641 91 1687 n
122 1627 293 1684 enarratas.
338 1642 425 1683 nunc
447 1643 524 1707 ergo
551 1617 592 1683 ad
616 1617 761 1684 civitates
785 1621 868 1684 eius·

7 1755 8 1760 ¹
64 1746 90 1790 13
122 1723 192 1788 dem
213 1723 421 1788 maris.circa
449 1724 525 1788 litus
555 1731 750 1807 exponentes
774 1723 867 1786 reite-

6 1827 704 1904 ¹nramtneteasdescriiamis·

6 1935 7 1952 ³
63 1953 89 1998 15
150 1933 181 2000 3.
227 1931 350 1996 Iterum
372 1941 422 1996 est
444 1931 557 1996 civitas
579 1929 723 1994 Pomune

63 2057 89 2102 16
269 2033 428 2120 Scapiana
467 2021 470 2028 ¹

61 2160 88 2204 ιτ
268 2139 374 2204 Nicea

6 2319 7 2328 χ
61 2266 87 2311 1s
268 2243 390 2308 Micalo
414 2243 539 2308 colonia
560 2243 735 2306 Diceorum

60 2369 86 2414 19
267 2347 432 2432 Antipolis

59 2471 86 2518 to
268 2449 355 2516 Orea

59 2576 84 2621 n
229 2567 231 2571 ’
268 2553 354 2620 Foro
377 2553 452 2620 Iulii

119 2749 130 2790 1
151 2745 174 2792 ai
189 2777 222 2787 ..
239 2748 270 2791 14
289 2746 446 2792 describimus
465 2731 513 2789 tm.
532 2745 576 2790 rs
594 2744 659 2790 editt.
718 2744 732 2788 s
751 2743 776 2786 n
789 2743 866 2799 quor]

116 2817 168 2862 ideo
187 2817 245 2875 quia
264 2815 288 2862 0.
345 2817 376 2861 14
391 2822 449 2874 post
466 2815 623 2861 describimus
643 2813 661 2860 0
681 2812 737 2858 add.
757 2813 867 2860 civitates

116 2887 159 2933 iste
179 2893 306 2934 suntnxx
325 2888 412 2933 idest.
463 2887 493 2934 15
514 2892 550 2932 est
568 2901 613 2930 om.
633 2885 676 2930 AB
694 2883 758 2929 aditi.
786 2884 796 2930 t
821 2884 867 2931 Po-

116 2972 185 3004 muna
207 2961 278 3003 otiam
302 2958 354 3003 243
374 2957 397 3014 9,
425 2971 530 3016 pomona
557 2956 585 3001 0.
676 2955 707 3000 16
736 2953 868 3014 Scarpiana

117 3029 166 3074 243
186 3031 228 3075 10.
285 3031 315 3074 17
335 3029 411 3074 Nicea
428 3030 499 3074 ctiam
512 3027 564 3073 243
583 3028 625 3072 11.
677 3026 707 3070 18
727 3025 823 3071 nicalon
838 3026 865 3072 G.

115 3100 278 3146 iiDicaeorum
298 3101 362 3156 editt,
386 3113 431 3145 om.
452 3100 484 3156 G‚·
513 3098 545 3158 cf.
566 3099 617 3144 243
637 3097 670 3142 12
688 3095 728 3140 aba·
745 3095 856 3142 Melacon

115 3171 181 3218 ditia.
259 3172 288 3216 19
317 3169 486 3229 Antipolis..
501 3171 586 3217 3402
613 3167 755 3216 carnarium
773 3181 817 3213 om.
838 3167 865 3213 G.

116 3245 146 3288 19
174 3241 306 3300 anthipolis
323 3243 352 3298 A,
381 3242 511 3300 antiopolis
532 3241 555 3296 C,
583 3237 730 3298 Anthopolis
753 3238 864 3285 24313.
894 3291 897 3298 Ι

115 3315 146 3360 20
166 3313 230 3361 Oreo
248 3316 319 3359 ctiam
331 3313 383 3358 243
403 3314 444 3358 14.
492 3314 522 3358 21
543 3312 606 3359 Foro
615 3311 673 3357 Divi
682 3309 740 3408 Irplii
752 3309 804 3356 243
823 3312 864 3356 15.

665 3395 695 3433 22
