2314 3840
88 289 103 334 1
126 287 161 335 15
889 283 926 338 11

112 457 125 500 1
170 431 255 496 nelis
277 431 392 517 plagae
414 429 545 516 patrios,
574 451 654 514 quas
677 430 711 496 in
734 428 926 498 duodecima

111 561 128 606 o
170 535 252 600 hora
272 534 377 598 noctis
400 555 471 599 esse
493 535 749 619 supputavimus,
777 535 924 600 aestimet

112 661 129 707 s
171 659 237 722 quo
270 645 430 715 manerem
466 645 498 700 et
533 637 581 701 sio
608 635 759 721 posthinc
790 645 923 702 cunctas

112 767 130 810 4
170 741 268 806 horos
289 738 353 804 diei
374 740 524 804 horarum
546 739 650 804 noctis
665 763 724 825 per
738 739 923 826 designatos

114 867 130 912 s
171 843 326 909 assimilet
345 843 484 928 patrius,
512 852 544 906 et
565 843 770 928 postmodum
794 840 923 909 Christo

115 971 131 1015 e
170 946 264 1012 nobis
276 947 451 1011 auxiliante
460 946 702 1031 expositionem,
719 967 814 1030 quom
827 968 924 1032 supra

114 1073 131 1118 1
170 1050 222 1115 vel
242 1050 375 1114 inferius
398 1045 654 1135 designamus,
682 1071 830 1114 veracem
852 1073 923 1116 csse

114 1177 131 1222 s
170 1154 319 1238 reperiet.
363 1175 438 1217 nam
461 1161 494 1216 et
522 1153 550 1217 si
578 1153 697 1236 aliquis
723 1177 763 1218 ex
791 1162 924 1218 conten-

115 1281 130 1324 s
170 1257 315 1322 tionariis
338 1255 445 1320 dicere
460 1255 596 1322 voluerit
612 1255 699 1339 quod
714 1257 806 1342 quasi
822 1257 922 1323 totius

96 1384 130 1430 1ο
169 1360 276 1424 noctis
304 1359 455 1424 horarum
483 1359 670 1444 suppu‘ouoio
696 1379 755 1445 per
781 1368 922 1425 tentum·

95 1489 129 1532 11
168 1462 265 1528 modo
285 1463 449 1549 Europam
471 1464 638 1527 nominate
656 1463 923 1544 11111ιὶ11110-

95 1589 129 1634 11
169 1590 222 1633 sos
243 1567 418 1632 maritimas
441 1565 668 1631 inundationes
684 1564 845 1651 inciderit,
866 1589 922 1633 vo·

96 1691 130 1737 18
167 1671 237 1736 lons
260 1670 366 1736 dicere
389 1670 476 1755 quod
496 1679 564 1735 tem
585 1689 704 1756 magne
724 1660 818 1736 nobis
834 1669 922 1736 dicte

95 1797 130 1840 14
169 1776 211 1841 sit
232 1775 375 1860 Europa,
396 1771 432 1840 id
453 1783 503 1840 est
523 1773 629 1860 portio
651 1772 746 1854 Iasos,
768 1773 922 1858 quemad·
1039 1820 1044 1828 «

95 1899 128 1945 15
167 1877 300 1944 modum
311 1879 476 1962 utriusque
487 1878 605 1959 fratris,
616 1871 651 1940 id
662 1871 795 1942 cessem
807 1874 920 1961 cham,

95 2001 128 2046 16
168 1991 201 2048 ot
216 1981 304 2067 quod
314 1983 348 2046 in
363 1981 432 2048 sole
441 1982 576 2067 Europa
586 1989 660 2045 tote
670 2001 738 2044 nox
748 1988 922 2066 supputata

95 2103 128 2148 17
168 2094 228 2167 est,
251 2085 336 2150 siout
356 2085 390 2149 in
404 2085 551 2170 portione
567 2084 703 2149 duorum
717 2085 852 2150 oacrum
870 2093 921 2149 to-

1 2193 2 2218 *
94 2205 128 2251 18
166 2198 220 2254 tus
235 2197 428 2273 supputatus
443 2197 492 2254 est
507 2187 843 2272 dieeznullusosenim
857 2188 920 2253 hoc

94 2309 127 2354 lo
166 2292 349 2374 arbitretur,
365 2293 441 2376 quia
454 2291 583 2377 quando
597 2313 698 2356 verno
711 2301 750 2356 ut
763 2313 860 2377 supra
871 2291 920 2356 di-

93 2415 127 2459 so
167 2406 256 2462 otum
279 2405 328 2460 est
348 2404 492 2482 tempore
513 2417 572 2481 per
587 2395 847 2480 supputationem
861 2395 920 2460 ho·

93 2518 126 2562 11
164 2524 273 2566 rarum
288 2499 430 2588 singulm
446 2498 683 2586 designavimus
698 2499 830 2585 patrias,
852 2521 919 2564 ma·
978 2567 980 2572 ,

93 2619 126 2665 22
164 2605 250 2670 xime
272 2612 396 2690 partem
418 2603 567 2690 Europae
597 2603 645 2668 sol
670 2603 829 2667 transiens
853 2601 919 2666 col-

165 2760 180 2806 2
209 2759 312 2804 extimet
329 2757 357 2803 A.
430 2757 445 2802 3
473 2757 515 2813 sic]
535 2757 556 2803 si
573 2757 596 2802 Β
615 2755 677 2802 editi.
753 2755 770 2800 4
797 2755 917 2811 horarum]

163 2831 323 2886 hortorumque
341 2827 406 2877 edici.
425 2827 436 2872 ΙΙ
454 2831 504 2886 per]
523 2841 580 2886 pree
598 2827 628 2872 Β.
701 2827 716 2872 8
745 2823 841 2882 uliquis}
865 2826 918 2883 quis

163 2900 229 2946 odiu.
285 2901 299 2945 9
327 2898 406 2945 tocius
423 2898 453 2943 B.
509 2899 540 2944 10
569 2897 712 2957 supputooio
731 2895 761 2940 B.
824 2896 855 2940 14
883 2895 918 2941 ie-

162 2971 214 3016 seth
232 2971 261 3027 Α,
279 2969 365 3028 Iephet
383 2967 448 3014 editi.
530 2969 561 3014 15
586 2973 644 3027 poet
662 2966 717 3014 Sem
735 2965 793 3011 editi
810 2964 866 3011 odd.
885 2973 916 3011 eu

163 3041 265 3086 deheim
282 3040 312 3086 B.
400 3040 431 3084 16
459 3039 483 3084 iu
502 3039 566 3096 solu]
592 3037 671 3084 insule
688 3038 739 3083 ΑΒ.
818 3038 849 3082 17
878 3037 916 3092 inl

163 3116 186 3156 ei
203 3111 229 3156 in
246 3111 277 3156 Β.
306 3111 317 3156 11
348 3111 463 3170 porcione
480 3109 508 3154 Β.
595 3111 626 3154 19
654 3121 729 3154 verno
748 3121 792 3153 om.
811 3107 834 3152 Β
852 3107 916 3152 editi.

164 3183 197 3226 20
225 3187 283 3238 post
304 3181 416 3227 horarum
438 3180 482 3226 ΑΒ
505 3179 560 3225 add.
583 3193 633 3238 per.
734 3179 765 3224 21
797 3178 917 3225 maximae

163 3252 238 3311 partie
257 3251 321 3297 editi.
442 3275 444 3280 ·

737 3327 767 3370 ³.
