2256 3836
107 498 123 550 1,
282 475 419 562 Masaga

105 600 116 643 t
282 578 390 666 Abiga

104 703 115 747 a
281 682 430 767 Puplitus

102 805 114 849 1
280 785 417 852 Sadinta

100 907 111 953 5
280 890 401 954 Amesa

21 1075 22 1078 Ἴ
99 1014 110 1057 s
282 991 401 1056 Adime

21 1081 23 1116 ξ
98 1121 109 1164 ⁷
279 1095 547 1160 Limeletendum.

96 1222 108 1266 a
166 1198 194 1265 7.
237 1197 321 1263 Item
355 1222 451 1285 super
483 1201 585 1284 ipsam
619 1199 807 1265 Numidiam
842 1203 875 1265 in

96 1325 107 1367 s
136 1303 288 1367 montanis
323 1313 355 1367 et
384 1304 532 1388 planiciis
569 1301 649 1369 loeis
687 1313 736 1368 est
772 1307 876 1389 patria

18 1482 19 1490 ἵ
83 1426 106 1469 10
135 1427 210 1488 quae
244 1405 364 1470 dieitur
397 1407 595 1471 Mauritania
626 1409 718 1492 quasi
750 1407 874 1490 Rubos,

18 1499 20 1562 l
81 1529 104 1572 11
134 1530 210 1592 quae
227 1520 259 1575 et
275 1509 438 1576 Sitifensis
453 1511 641 1596 appellatur.
688 1513 778 1577 euius
795 1513 875 1578 fines

79 1629 103 1673 11
133 1635 150 1675 a
170 1613 332 1678 montibus
355 1637 457 1697 usque
479 1613 520 1678 ad
535 1637 622 1678 mare
638 1638 790 1701 magnum
805 1639 877 1702 per-

79 1733 102 1777 13
132 1717 273 1803 tingunt:
301 1740 377 1782 nam
400 1717 441 1782 ad
464 1715 632 1783 Oceanum
658 1719 874 1784 nullomodo.

16 1843 17 1850 ¹
77 1838 102 1884 14
131 1841 224 1903 quam
252 1821 391 1906 patriam
414 1819 592 1885 seeundum
615 1819 797 1887 Castorium
819 1847 876 1887 no-

15 1955 17 2022 ξ
75 1943 100 1987 lt
131 1925 329 1989 minavimus.
363 1925 397 1988 in
413 1946 477 2008 qua
490 1925 595 2010 patria
608 1927 761 2011 plurimas
776 1928 875 1991 fuisse

15 2039 16 2054 ¹
75 2049 100 2094 16
132 2028 275 2094 civitates
298 2029 451 2116 legimus,
480 2051 520 2092 ex
549 2029 665 2113 quibus
695 2031 875 2114 aliquantas

15 2167 16 2170 κ
74 2151 99 2194 ιτ
131 2129 297 2220 designare
319 2131 484 2214 volumus,
510 2131 545 2196 id
568 2142 616 2197 est
640 2134 752 2198 civitas
774 2135 875 2215 Tusa,

73 2253 100 2298 m
131 2257 209 2318 quae
232 2236 324 2302 iuxta
345 2258 433 2300 mare
454 2259 608 2322 magnum
623 2233 777 2301 dividitur
791 2239 875 2302 inter

73 2355 99 2398 19
132 2341 274 2426 superius
309 2339 430 2404 dietam
462 2341 660 2426 provinciam
688 2339 876 2406 Numidiam

70 2456 99 2502 20
131 2453 162 2508 et
188 2445 293 2530 ipsam
314 2443 545 2509 Mauritaniam
567 2441 765 2521 Sitifensem
799 2445 875 2508 item

70 2561 97 2607 21
131 2549 242 2614 civitas

132 2744 143 2788 l
169 2742 295 2802 Ampsaga
311 2740 376 2788 aliia.
448 2741 463 2786 2
491 2742 569 2788 abuaa
594 2740 617 2798 C,
645 2735 752 2810 Ἀβίγαε
773 2740 874 2799 Proeop.

129 2813 193 2860 811111.
247 2815 263 2860 3
282 2812 393 2859 Publitua
413 2810 511 2869 Coctili,
530 2812 631 2871 Popleto
648 2811 737 2858 flumen
756 2813 804 2868 (ate
817 2813 876 2856 anim

131 2883 263 2944 tipasam)
282 2883 346 2940 Ant,
368 2882 469 2940 Popleto
487 2885 578 2930 mansio
600 2882 655 2928 Tab.
711 2884 724 2929 7
743 2881 876 2928 limeleteu·

131 2955 184 3002 dum
193 2958 222 3002 A.
260 2956 274 3001 9
294 2957 408 3010 eatloum
416 2953 446 2998 B.
489 2954 521 3000 10
540 2954 704 3000 maritaniaB.
748 2954 778 3000 1³
797 2952 874 3009 nullo]

130 3024 177 3072 ullo
200 3024 272 3072 ABG.
341 3025 372 3070 14
399 3024 531 3072 kastorium
559 3023 584 3071 0.
652 3024 683 3070 15
706 3024 736 3070 16
765 3024 876 3070 civitates

130 3096 200 3143 faiam
220 3095 244 3143 C.
301 3096 331 3141 17
351 3095 429 3150 Tuon]
449 3095 529 3140 Tucca
546 3095 604 3142 fines
622 3095 703 3140 affrice
721 3101 746 3141 et
763 3096 876 3142 maurita-

131 3167 182 3213 niae
203 3166 258 3213 rao.
324 3167 354 3212 18
375 3166 462 3212 dividit
480 3165 544 3212 editt.
609 3166 639 3210 19
662 3166 808 3224 provintiam
826 3164 875 3222 Re,

131 3251 173 3283 om.
190 3237 278 3284 Paret.
334 3237 366 3282 20
384 3238 463 3295 ipsam
480 3250 526 3282 om.
544 3235 631 3282 Porolt.
655 3235 665 3282 ll
690 3237 828 3295 sitiphensis
846 3236 875 3292 A,

131 3309 261 3368 sitiphensi
279 3307 309 3368 B,
333 3306 505 3367 sitiphemium
524 3305 589 3352 aditi.
