2210 3834
4 387 6 446 ἶ
48 351 148 398 1743
833 347 886 402 3⁰9

73 523 86 566 1
127 507 224 582 ptam
252 517 346 582 quam
375 496 593 581 praediximus
623 497 785 560 civitatem
808 497 887 560 Tar-

72 625 89 669 2
130 622 289 686 sagonam
310 600 441 684 ponitur
463 601 577 666 civitas
601 622 682 684 quae
706 599 824 663 dicitur

72 727 90 771 a
286 700 425 782 Oceani3
448 706 526 768 item

3 801 4 830 l
284 805 399 871 Nobas

286 905 545 996 Caesaraugusta

284 1013 371 1078 Foro
395 1011 564 1078 Gallorum

262 1116 394 1182 'Pacca

284 1219 368 1284 Iulia

2 1393 3 1414 2
285 1323 423 1388 Ebelino

2 1431 3 1434 '
59 1455 93 1499 ro
285 1423 395 1492 Salam

1 1535 2 1594 i
60 1561 94 1606 11
285 1529 447 1594 Anabere.

1 1703 2 1710 χ
60 1663 95 1708 12
179 1633 262 1697 Item
295 1634 387 1697 iuxta
417 1655 514 1718 supra
544 1633 698 1718 scriptam
727 1633 890 1697 civitatem

61 1767 95 1812 13
137 1734 426 1822 Caesaraugustam
449 1735 580 1821 ponitur
603 1737 716 1801 civitas
733 1759 815 1820 quae
840 1734 889 1799 di-

1 1841 2 1870 l
62 1871 96 1916 14
137 1840 219 1903 oliui*

62 1973 95 2018 15
284 1940 482 2008 Nertobrica

1 2045 2 2126 ἕ
63 2077 96 2121 16
285 2043 405 2110 Balbin

62 2181 96 2225 17
286 2148 466 2212 Arcobrica

1 2295 2 2320 1
62 2285 96 2329 18
286 2250 445 2338 Saguntia

137 2486 149 2529 1
171 2487 252 2542 qnam}
266 2497 314 2542 qna
323 2484 352 2528 B.
377 2483 387 2529 ΙΙ
412 2485 536 2529 civitatem
545 2485 773 2544 poatTarsagonam
783 2485 852 2540 pettit
861 2483 889 2539 A,

135 2555 260 2601 civitatem
283 2568 355 2613 quam
380 2555 530 2613 prediximus
550 2554 574 2601 C.
602 2555 611 2600 ii
642 2555 805 2614 Tarragonam
826 2552 890 2598 editi.

136 2627 151 2672 2
181 2628 256 2684 qnae]
285 2626 328 2684 qui
350 2625 380 2670 B.
418 2625 427 2671 ΙΙ
462 2627 551 2671 dicitur
572 2632 630 2683 post
657 2624 747 2671 Oceani
776 2625 798 2669 B
825 2622 890 2668 editi.

137 2699 151 2742 3
179 2697 276 2742 occeani
290 2693 343 2751 AO,-
361 2694 496 2742 Oleastrum
513 2697 580 2741 iusta
589 2697 721 2742 Tarracone
740 2693 814 2740 Anas
829 2706 891 2738 nane

136 2765 197 2813 Cina
217 2763 317 2811 Certis?
347 2767 380 2811 '4
398 2767 492 2813 ncubas
507 2765 530 2824 C,
550 2767 589 2812 Ad
598 2779 673 2813 novas
686 2765 741 2810 Ant.
797 2765 810 2810 5
831 2761 891 2809 Cae·

136 2840 287 2895 saraugusta]
301 2842 470 2895 cesaraugusta
485 2836 508 2894 0,
528 2852 567 2883 cer
579 2842 682 2898 augusta
693 2837 745 2882 ΑΒ.
796 2837 810 2880 6
829 2834 890 2879 Foro

137 2907 261 2954 Gallorum
276 2909 346 2952 etiam
358 2909 414 2953 Ant.
470 2911 483 2955 7
503 2908 593 2964 Paccal
613 2899 746 2957 σειἺακκα
763 2903 892 2951 Ptolemaei

136 2984 159 3023 et
176 2978 287 3024 aliorum.
343 2977 358 3024 8
377 2977 451 3034 Iulia]
470 2985 505 3024 eat
523 2979 585 3025 Iulia
603 2977 737 3037 calaguris.
792 2977 806 3020 9
826 2975 891 3020 Ebe-

136 3048 186 3094 lino
201 3051 272 3095 etium
281 3051 337 3094 Ant.
386 3050 414 3094 11
434 3042 678 3115 Anaberellivassta
689 3047 754 3094 Ptol.
801 3048 832 3093 13
853 3059 891 3091 ce·

137 3123 280 3179 aaranguata
300 3118 323 3177 C,
347 3125 515 3179 cesaraugusta
533 3121 583 3165 AB.
639 3120 670 3165 15
699 3118 847 3164 nertorhriea
867 3115 890 3174 C',

137 3190 284 3250 Nertobriga
301 3191 356 3236 Aut.
375 3189 439 3236 Ptol.
497 3193 526 3236 16
552 3189 635 3236 Bilbili
654 3190 709 3234 Aut.
759 3191 790 3234 17
815 3187 895 3234 Areo.

140 3261 211 3320 briga
228 3263 284 3307 Aut.
305 3260 367 3306 Ptol.
425 3262 455 3307 18
476 3262 588 3320 seguncia
608 3259 632 3317 0,
652 3259 767 3319 Segontia
785 3260 839 3309 Ant.
