2314 3840
97 269 168 318 118
893 269 929 322 39

118 441 134 485 1
174 423 242 480 tam
255 392 420 498 Ispaniam
440 435 542 498 usque
565 413 607 478 ad
628 415 745 478 fretum
767 414 855 499 quod
876 439 939 481 aue

118 543 136 588 2
175 541 234 603 pra
255 515 395 582 diximus
418 514 749 604 Septemgaditanum.

120 646 155 714 a,
210 619 264 688 18.
309 619 354 686 Et
383 642 402 684 a
431 641 579 704 supremo
607 630 644 685 ut
671 621 816 686 dieamus
844 630 929 687 totas

53 754 55 758 ·
119 747 139 791 4
176 724 298 809 patrias
328 731 360 787 et
381 723 535 808 plurimas
565 747 674 788 earum
698 725 844 790 civitates
874 747 931 792 seu

121 847 138 896 o
177 827 304 892 diversa
324 825 467 908 fiumina,
489 850 570 911 qnae
592 850 650 913 per
664 828 930 913 spatiosissimum

122 952 139 997 a
177 930 333 996 mundum
360 939 534 1016 ponuntur,
563 931 710 995 volumus
744 915 928 1018 designare3

52 1023 55 1026 ¹
116 1055 139 1100 ,7
177 1035 235 1100 sed
257 1043 291 1100 et
316 1036 439 1100 insulas
467 1043 500 1098 et
522 1035 740 1116 cherronisoS‚
769 1031 930 1120 Cycladas

122 1157 140 1204 8
178 1139 210 1202 et
232 1137 396 1224 Sporadas
419 1159 475 1204 seu
498 1135 667 1202 Dorcadas
696 1161 754 1222 per
775 1137 929 1202 mundum

123 1261 139 1306 a
177 1243 299 1328 positas
321 1243 468 1308 volumus
490 1241 643 1306 indicare.

105 1363 140 1410 10
221 1347 444 1426 Potuissemus
472 1346 589 1410 etenim
612 1342 744 1409 Christo
766 1343 859 1409 nobis
881 1345 930 1408 iu·

105 1467 139 1512 11
177 1461 274 1516 vante
290 1449 440 1516 subtilius
456 1448 562 1514 dicere
576 1449 676 1512 totius
691 1447 803 1512 mundi
817 1457 929 1534 portus

106 1568 140 1614 12
179 1565 212 1620 et
237 1553 457 1642 promunturia
485 1561 581 1636 atque
607 1553 691 1616 inter
719 1552 805 1638 ipsas
834 1550 930 1616 urbes

106 1676 141 1720 13
178 1660 324 1739 miliaria,
346 1656 398 1721 vel
413 1654 573 1740 quomodo
590 1664 724 1720 cunctae
738 1657 860 1742 patriae
876 1665 931 1720 aut
1010 1658 1012 1666 ’

106 1778 142 1822 14
179 1763 317 1847 qualiter
331 1769 495 1846 ponuntur
509 1760 641 1824 mirifice
657 1758 860 1846 depingendo
876 1759 931 1824 de-

106 1879 141 1926 15
179 1867 317 1952 signare.
373 1863 432 1929 aed
459 1863 549 1944 idac,
581 1871 734 1946 tanquam
761 1864 932 1928 lectionem

106 1984 141 2028 16
179 1978 323 2048 nostram
357 1967 618 2054 cosmographiae
653 1967 852 2031 exactionem
884 1967 931 2031 fa-

106 2087 142 2131 17
181 2075 318 2153 cientes,
353 2093 462 2135 omues
498 2069 734 2156 designationes
768 2071 820 2134 vel
850 2057 931 2154 duae

106 2189 142 2233 18
180 2177 273 2261 plura
294 2177 424 2239 fuerunt
451 2161 648 2260 polylogiam
669 2174 829 2260 fugientes
851 2175 932 2238 taci-

106 2290 142 2334 19
179 2279 326 2343 turnitati
342 2275 644 2341 commendavimus.
681 2277 840 2362 praelatas
855 2301 931 2341 vero

105 2393 142 2438 2⁰
178 2383 300 2467 patrias
323 2403 495 2464 earumque
517 2367 671 2464 plurimas
700 2381 845 2444 civitates
874 2403 932 2444 seu

106 2497 141 2542 21
179 2484 321 2565 flumina,
336 2493 373 2548 ut
386 2484 601 2569 promisimus,
616 2482 758 2547 indicare
773 2484 930 2568 volumus.

106 2601 142 2647 22
178 2588 286 2652 nullus
308 2595 417 2651 tamen
439 2587 586 2650 aestimet
609 2584 696 2670 quod
718 2585 860 2650 diversas
875 2609 932 2650 no·
979 2620 982 2628 ·

182 2814 195 2858 1
223 2811 350 2871 yspaniam
365 2811 391 2868 B,
410 2809 554 2870 Hispaniam
567 2809 631 2855 editi.
698 2811 712 2854 7
742 2809 930 2866 aberrantium,

180 2882 317 2928 cheroniam
339 2882 361 2926 B
383 2881 448 2926 editi.
476 2880 486 2926 ΙΙ
515 2880 619 2926 cicladas
641 2881 670 2928 A.
746 2881 762 2926 8
795 2879 930 2935 Dorcadaal

181 2950 563 3012 ta.0rcadaa;es.V3132.
603 2953 633 2996 11
654 2951 732 2996 tocius
749 2951 778 2997 B.
817 2951 848 2995 12
877 2963 932 3008 pro·

180 3023 300 3069 morituris
316 3023 381 3068 editt.
447 3023 478 3067 16
507 3022 653 3078 exactiorem
672 3021 736 3066 editi.
804 3021 834 3066 18
862 3019 932 3079 poly-

160 3093 247 3152 ·logia
268 3093 333 3150 aditi,
361 3092 503 3152 polilogiam
525 3091 554 3137 B.
629 3093 660 3137 19
689 3092 883 3136 comendavimus
901 3091 931 3136 B.

182 3165 213 3209 21
238 3165 403 3223 praemisimus
416 3164 445 3209 B.
467 3183 469 3188 ·
501 3160 533 3208 12
558 3163 672 3212 eastimet
683 3161 713 3220 B,
732 3163 856 3208 existimet
868 3161 931 3207 editi.

182 3235 192 3278 ll
204 3239 264 3292 quot
280 3235 310 3280 B.
