2314 3840
112 288 126 334 1
152 289 186 334 10
913 285 947 336 27

137 456 151 500 1
195 430 374 497 lomonem:
398 432 487 498 venit
500 439 623 526 partem
640 433 830 516 aquilonem,
853 441 948 498 nocte

136 561 153 606 a
196 533 356 600 ambulat:
380 558 456 602 nam
479 534 637 619 quomodo
660 545 693 600 et
707 537 854 621 qualiter,
876 545 948 602 tan-

137 662 155 706 e
196 637 363 704 iummodo
387 638 448 704 deo
470 648 580 704 nostro
602 648 652 704 est
674 640 849 726 cognitum.

138 763 157 810 4
285 739 353 808 Sed
373 752 411 808 ut
433 743 476 810 ad
496 743 695 830 propositum
709 741 889 825 redeamus,
912 753 949 807 ut

140 865 155 912 5
196 844 320 910 dietum
343 854 402 926 est,
424 869 483 932 per
504 856 677 912 nocturnos
700 869 855 912 occursus
871 846 947 912 solis

141 969 156 1014 e
197 946 327 1014 Christo
350 947 444 1014 nobis
467 950 638 1017 auxiliante
666 972 837 1034 possumus
864 950 949 1018 arbi-

141 1073 156 1116 n
195 1053 274 1116 trari
297 1051 555 1136 quomodolitua
577 1053 757 1138 perlatum
781 1051 948 1120 Oceanum

142 1175 158 1221 a
196 1165 325 1222 arctoae
347 1157 495 1244 regiones
517 1164 688 1241 ponuntur.

143 1279 159 1326 e
231 1258 282 1328 11.
328 1259 437 1326 Prima
451 1269 488 1324 nt
502 1259 582 1324 hora
594 1259 699 1324 noctis
714 1257 949 1325 Germanorum

125 1384 158 1428 lo
197 1373 248 1430 est
269 1364 385 1449 petria,
409 1385 489 1446 quae
504 1361 600 1426 modo
621 1385 641 1426 a
654 1361 790 1428 Francis
805 1360 949 1426 domina·

123 1488 156 1533 11
196 1477 261 1550 tur,
284 1476 322 1532 ut
344 1467 490 1553 superius
519 1465 730 1546 dictumest,
761 1465 851 1530 euius
875 1472 948 1549 post

123 1595 157 1640 12
194 1581 289 1659 terga
303 1572 386 1636 infra
398 1566 564 1634 Oceanum
578 1567 743 1652 praedicta
757 1566 863 1632 insula
875 1566 948 1630 Bri-

122 1697 158 1744 na
195 1677 296 1758 tanin,
311 1674 388 1738 dum
403 1672 497 1738 nimis
513 1680 562 1736 est
575 1670 742 1752 latissima,
756 1671 926 1736 invenitur.

123 1800 159 1846 14
242 1776 393 1844 Secunda
415 1785 451 1842 ut
473 1775 552 1840 hora
573 1775 678 1840 noctis
701 1797 741 1840 ex
762 1783 854 1860 parce
877 1773 948 1860 ipsa

122 1902 159 1948 15
199 1879 373 1948 Germania
401 1880 453 1946 vel
481 1879 657 1944 Frixonum
679 1879 870 1943 Dorostates
899 1886 949 1942 est

122 2006 160 2052 re
198 1985 318 2070 patria,
347 1985 438 2052 ouius
461 1991 535 2068 post
556 1991 649 2070 terga
675 1983 758 2050 infra
781 1979 949 2049 Oceanum

124 2111 160 2156 ιτ
198 2089 323 2154 insulae
344 2088 559 2154 inveniuntur.

125 2217 161 2263 18
242 2192 352 2256 Tertia
374 2200 411 2256 ut
432 2192 511 2256 hora
526 2191 630 2256 noctis
645 2188 809 2256 Saxonum
828 2197 877 2254 est
892 2211 948 2274 pa-

125 2319 161 2364 19
196 2295 270 2376 tria,
294 2295 385 2360 cuius
406 2304 480 2380 poet
502 2304 594 2381 terga
614 2293 697 2359 infra
712 2291 879 2360 Oceanum
900 2293 949 2356 in-

27 2471 32 2478 ,
122 2419 160 2466 ao
197 2399 287 2464 sulae
307 2397 523 2463 inveniuntur.

124 2523 159 2569 21
244 2499 369 2584 Quarta
384 2509 420 2567 ut
435 2502 514 2567 hora
535 2501 638 2568 noctis
652 2499 949 2566 Northomanorum

201 2690 213 2736 1
233 2689 308 2744 venit}
320 2687 360 2734 vel
370 2689 396 2736 in
409 2687 474 2734 editi.
491 2687 502 2734 11
520 2687 664 2747 Aquiloniae
676 2687 741 2734 editi.
786 2686 801 2731 2
820 2687 852 2740 et}
866 2689 908 2730 ant
919 2684 948 2730 A.

199 2761 213 2808 7
241 2759 326 2816 latum]
344 2759 421 2806 altum
439 2760 468 2806 A.
544 2760 559 2805 8
587 2763 681 2805 aeteae
697 2758 815 2816 regiones]
834 2761 949 2800 aretono

196 2831 294 2889 regione
312 2831 357 2876 AB
372 2830 436 2876 edita
455 2830 465 2875 il
484 2829 656 2888 ponitnrediti.
674 2829 684 2874 ΙΙ
700 2833 758 2887 poa!
773 2830 895 2886 ponuntur
906 2825 950 2870 AB

197 2900 256 2948 odd.
274 2901 384 2960 explicit.
478 2901 508 2948 10
537 2900 647 2948 francicis
664 2900 693 2946 A.
781 2897 812 2944 11
841 2896 949 2955 superius

199 2971 311 3018 Germani
338 2978 361 3017 et
384 2970 476 3018 'Franci
501 2985 549 3016 aon
574 2975 741 3026 memorarem,
769 2967 811 3014 aed
835 2967 950 3014 Brittania

197 3043 213 3090 9
233 3042 266 3090 10
287 3049 331 3088 ato.
391 3043 422 3090 12
450 3041 575 3088 Britannia
587 3041 651 3089 aditi.
714 3041 745 3086 18
773 3039 907 3086 inuenietur
918 3038 948 3088 A.

200 3113 230 3162 15
260 3114 392 3162 coronans
405 3113 427 3158 Β
439 3111 503 3170 editi,
522 3112 663 3160 Donucam
675 3117 697 3157 ot
708 3110 844 3159 Doreotndo
852 3111 948 3156 cummi.

200 3186 231 3230 17
265 3182 358 3230 insulae
381 3197 426 3230 om.
450 3183 484 3240 Β,
507 3189 565 3242 poet
592 3182 743 3230 inveniuntur
765 3186 858 3239 ponuat
878 3179 949 3236 editi.

201 3256 232 3301 18
259 3255 374 3300 toroiaB.
428 3254 460 3300 21
491 3252 693 3302 noruommorum
701 3253 730 3310 A,
747 3251 950 3301 Nortmannorum

198 3325 264 3371 editi.
