2314 3840
127 277 175 323 15
919 275 952 328 13

148 445 163 488 1
203 420 292 486 tibus
315 419 458 484 infinitus
476 417 627 486 Oceanus
650 441 719 485 esse
743 419 951 506 dignoscitur.

147 546 163 592 2
202 544 279 588 nam
294 523 438 608 plerique
453 523 557 587 sancti
567 532 674 607 patres
689 533 721 588 et
735 523 879 587 nonnulli
893 523 952 588 hu-

147 647 164 692 3
203 627 254 692 ius
284 625 397 690 mundi
425 626 608 711 philosophi
642 627 838 711 scripserunt
867 626 953 709 quod

147 749 165 796 4
203 729 459 794 Transindorum
491 729 543 794 vel
567 729 737 794 Britonum
768 728 952 815 regionibus
1042 747 1045 754 ’

148 851 164 897 5
204 833 308 896 oritur
322 832 375 897 vel
389 833 520 917 ponitur
534 833 592 896 sol.
624 832 711 915 quod
725 841 862 896 testatur
876 832 954 897 mihi

149 957 165 1002 c
204 944 338 1000 sanctus
366 936 507 1000 Basilius
535 933 703 1000 Caesariae
730 933 953 1020 Cappadociae

150 1059 165 1103 7
204 1039 376 1123 episcopus
399 1040 432 1103 in
454 1061 513 1104 suo
533 1039 725 1120 Eremmon,
748 1038 806 1103 sed
828 1049 860 1103 et
881 1062 954 1104 san-

145 1160 163 1205 e
205 1149 278 1205 otus
301 1140 461 1206 Ysidorus
483 1141 668 1227 Ispalensis.
713 1165 787 1206 nam
804 1141 954 1228 Liginius

151 1266 166 1308 a
206 1253 239 1308 et
255 1241 383 1308 Cothon
399 1254 494 1329 atque
509 1244 705 1310 lamblichus
727 1245 822 1310 huius
843 1245 955 1310 mundi

2 1335 3 1344 ἵ
100 1407 103 1414 ,
134 1367 167 1412 10
204 1345 390 1432 philosophi
417 1349 451 1412 in
478 1349 545 1413 suis
568 1349 819 1434 expositionibus
846 1349 956 1414 decre·

133 1473 166 1518 11
204 1459 322 1514 verunt
337 1450 424 1535 quod
437 1475 535 1516 verno
550 1461 692 1536 tempore
703 1450 956 1516 Transindorum

133 1579 168 1626 12
206 1553 259 1617 vel
280 1553 450 1620 Britonum
479 1553 664 1642 regionibus
692 1556 793 1620 oritur
818 1556 870 1620 vel
898 1578 955 1640 po-

132 1685 168 1730 13
206 1657 294 1721 nitur
317 1657 375 1721 sol.

132 1789 170 1834 14
241 1758 272 1828 6.
318 1761 362 1826 Et
384 1762 413 1825 si
434 1761 569 1826 forsitan
592 1761 706 1845 aliquis
734 1771 877 1827 nostram
902 1785 956 1826 ex-

132 1891 169 1938 15
206 1864 402 1950 positionem
423 1887 561 1930 renuens
592 1865 831 1951 cosmographis
854 1865 957 1932 oredi-

133 1994 170 2042 16
208 1967 303 2050 derit,
327 1969 382 2052 qui
398 1977 548 2034 cunctam
563 1969 656 2051 quasi
670 1965 813 2033 Orientis
828 1971 957 2056 plagam

134 2099 171 2144 17
208 2070 448 2157 descripsenmt
463 2079 495 2134 et
511 2071 607 2134 etiam
623 2069 790 2138 Oceanum
803 2073 856 2136 vel
868 2074 958 2137 iuxta

134 2203 172 2249 18
206 2174 344 2240 limbum
367 2175 435 2240 eius
458 2175 520 2239 sita
541 2175 614 2238 loca
636 2183 669 2238 et
692 2176 839 2262 regiones
867 2177 958 2260 quasi

135 2307 171 2352 19
208 2279 363 2343 minutius
387 2278 574 2342 nominatim
591 2277 851 2364 designaverrmt‚
873 2278 959 2363 quod

134 2410 171 2456 20
208 2380 358 2446 omnibus
382 2379 573 2447 Christianis
602 2380 708 2446 dicere
729 2381 877 2448 illicitum
899 2392 958 2464 est,

210 2527 223 2571 1
254 2526 388 2572 dinoscitur
404 2526 433 2572 A.
493 2528 509 2572 4
532 2527 640 2586 regiones
651 2528 680 2572 A.
740 2527 754 2573 b
782 2527 842 2572 mihi
855 2531 958 2583 sanctus}

208 2597 235 2642 in
255 2597 344 2642 sanctis
362 2597 427 2643 aditi.
490 2598 504 2642 6
532 2596 637 2642 buxilius
657 2597 687 2642 B.
709 2597 720 2642 ΙΙ
745 2596 874 2644 Caesareae
895 2597 959 2643 editi.

208 2667 407 2726 licappadotisB.
443 2669 458 2713 7
476 2667 629 2713 Hexameron
641 2667 710 2724 eddi,-
728 2668 744 2712 6
763 2669 787 2714 9.
797 2668 807 2713 ΙΙ
815 2668 959 2714 stamedio.

208 2737 218 2783 ΙΙ
231 2743 314 2784 santus
332 2739 360 2784 A.
438 2739 453 2784 8
481 2738 587 2784 Isidorus
605 2737 670 2784 editi.
693 2738 703 2784 ll
726 2737 865 2797 Ispalcnsis]
888 2753 960 2798 yspa-

207 2809 289 2855 nensis
301 2808 332 2866 B,
351 2808 505 2867 Yspaniensis
518 2809 582 2854 editi.
601 2808 611 2854 ΙΙ
631 2807 738 2868 Ligmius
750 2809 838 2855 Porct.
851 2808 924 2855 Gran.
936 2810 960 2855 2.

211 2880 225 2925 9
246 2879 381 2925 erathonA.
394 2879 404 2925 ΙΙ
420 2877 565 2925 laniblichus
573 2879 603 2936 Β,
613 2878 743 2926 Iamblieus
752 2880 816 2925 editi.
845 2882 875 2925 11
896 2885 961 2927 trans

208 2950 329 3009 yndomm
338 2951 367 2996 A.
414 2951 445 2994 12
465 2950 614 2996 britanorum
622 2950 653 2994 B.
671 2950 681 2996 ΙΙ
696 2951 844 3008 regionesrl.
891 2953 923 2997 14
940 2952 962 2998 si

209 3019 361 3068 cm.Bcditi.
408 3021 440 3066 17
467 3021 531 3068 iusta
544 3022 573 3067 A·
619 3021 651 3066 19
677 3021 801 3077 minutius]
814 3022 926 3068 minimus
939 3023 962 3068 B

209 3089 306 3148 Porcl„
330 3089 441 3136 minimas
464 3091 537 3136 Grae.
553 3092 578 3136 1.
591 3091 615 3136 2.
640 3091 650 3136 ΙΙ
679 3092 751 3150 quod]
770 3105 817 3150 quo
837 3093 881 3138 AB
897 3093 961 3139 editi.

209 3160 220 3206 ΙΙ
233 3167 288 3206 cate
306 3162 372 3219 quod
389 3160 446 3206 editi
463 3161 553 3208 addam
570 3174 609 3219 ex,
628 3175 672 3208 cm.
686 3163 714 3220 A,
738 3165 834 3222 punctis
853 3162 915 3210 delet
931 3164 960 3209 B.
1019 3168 1022 3174 '

210 3232 244 3278 20
272 3230 392 3286 illicituml
410 3232 470 3278 mihi
486 3231 579 3278 licitum
596 3233 625 3278 A.
