2210 3834
256 463 382 549 Regina

76 485 83 528 1

74 589 85 632 1
257 564 385 632 Celtum

72 693 83 735 a
257 670 388 755 Astigin

71 800 82 842 1
256 770 407 836 Obucula

70 902 80 945 5
256 872 423 939 Oarmone.

69 1006 80 1050 5
152 978 232 1042 Item
261 979 351 1043 iuxta
384 1002 481 1064 supra
507 981 660 1064 scriptam
695 983 856 1046 civitatem

69 1108 80 1151 τ
113 1082 289 1168 Augustam
313 1083 465 1147 Meritam
488 1081 606 1146 dicitur
629 1084 741 1149 civitas

68 1209 80 1251 s
257 1186 428 1250 Metilinon

68 1313 79 1355 s
255 1289 395 1354 Artibon

55 1414 79 1456 10
256 1394 404 1458 Mellaria

54 1516 78 1560 11
256 1495 408 1560 Corduba

53 1619 78 1661 11
255 1599 427 1664 Noclensis

52 1721 76 1765 13
158 1741 164 1752 ·
255 1703 396 1767 Nobiam

50 1825 76 1868 14
256 1805 424 1872 Catulune.

0 1919 1 1940 1
51 1928 75 1972 15
149 1911 232 1977 Item
254 1913 344 1974 iuxta
373 1933 469 1995 supra
492 1911 645 1996 scriptam
668 1909 853 1977 Cordubam

49 2031 74 2074 16
108 2027 155 2081 est
177 2017 290 2080 civitas
313 2037 394 2097 quae
416 2013 534 2078 dicitur

48 2135 73 2178 11
144 2143 146 2149 ·
254 2117 336 2182 Uria

48 2241 73 2284 18
255 2220 384 2307 Ipagios

255 2324 310 2388 Ad
333 2322 480 2388 Gemella

109 2444 118 2486 l
147 2441 255 2500 Regiam
280 2441 343 2496 Aut,
376 2432 498 2508 Ῥήγεινα
524 2439 586 2486 Ptol.
665 2442 679 2485 2
708 2440 770 2487 Celti
797 2443 852 2488 Ant.

106 2515 119 2558 3
138 2512 217 2571 Astigi
229 2512 293 2568 Ant,
312 2503 425 2578 Ἄστιγις
436 2509 499 2556 Ptol.
546 2512 562 2556 4
581 2509 692 2558 Obucula
710 2515 779 2558 etiam
788 2513 851 2570 Aut,

102 2576 248 2648 Ὁβοὺκολα
260 2581 324 2628 Ptol.
380 2581 393 2626 5
418 2580 535 2628 Garmone
549 2584 618 2627 etiam
628 2584 691 2641 Ant,
710 2586 852 2652 Χαρμονία

105 2653 165 2699 Ptol.
228 2655 241 2698 ⁷
270 2658 373 2710 augusta
390 2653 498 2698 meritam
516 2653 559 2698 AB
578 2652 641 2698 editi.
701 2655 715 2698 8
744 2653 852 2699 metilion

106 2724 207 2780 Radia,
235 2723 384 2769 Metellinum
397 2724 453 2768 Ant.
502 2725 515 2768 9
543 2723 660 2781 Artibonl
679 2724 776 2783 Artigin
794 2724 851 2770 editi

105 2810 154 2841 cam
172 2795 228 2840 Ant.
285 2795 316 2840 10
344 2793 455 2840 Mellaria
477 2795 547 2838 etiam
566 2795 619 2839 Aut.
680 2796 709 2840 11
739 2793 853 2841 Corduba

105 2868 172 2911 stiam
188 2867 252 2921 Ant,
279 2858 408 2934 Κορδύβῃ
427 2863 489 2910 Ptol.
558 2865 589 2910 14
618 2863 748 2922 Catulune]
768 2864 853 2912 Castu-

104 2936 156 2983 lone
184 2938 248 2994 Aut,
276 2928 444 2984 Καστουλών
467 2934 531 2980 Ptol.
608 2935 638 2981 15
667 2937 801 2994 gordubam
824 2940 852 2994 A,

105 3008 211 3054 corduba
227 3008 258 3052 B.
315 3009 345 3051 17
366 3005 437 3066 Uria}
457 3005 513 3051 Ulia
531 3006 587 3050 editi
606 3020 656 3051 cum
674 3008 728 3052 Ant.
748 3013 771 3052 et
788 3007 850 3053 Ptol.

108 3079 137 3124 18
164 3078 274 3137 IpagIosl
294 3077 381 3136 Ipagro
406 3077 459 3121 Ant.
484 3082 507 3121 at
524 3079 617 3122 nummi.
692 3079 721 3122 19
750 3078 789 3124 Aa
808 3077 854 3124 Ge·

104 3147 186 3204 mella]
207 3149 252 3193 abe
270 3146 372 3206 gemella
390 3145 459 3203 ABG,
479 3148 524 3192 abe
543 3145 647 3192 Semella
665 3147 730 3203 editi,
749 3149 852 3196 sedabo

105 3233 155 3264 cum
169 3218 324 3277 praecedeuti
342 3220 485 3277 coniunqzmt
502 3232 594 3272 omnm
621 3217 659 3262 Ad
678 3217 798 3264 Gemellas
816 3218 853 3264 vel

105 3289 219 3349 Angsllas
238 3289 306 3334 Ant:
324 3290 420 3334 varam
437 3289 497 3334 euim
515 3288 613 3334 codices.
