2210 3834
240 323 292 378 296
973 326 1049 373 Nlo

262 497 275 544 1
356 472 420 538 Per
434 494 530 557 quam
544 471 722 536 Brittaniam
736 471 875 557 plurima
895 481 1053 536 transeunt

261 599 276 646 a
314 575 457 658 flumina,
480 577 565 640 inter
588 582 695 639 cetera
708 574 742 638 id
756 584 808 640 est
820 573 969 662 Sigugna
980 575 1053 656 Boo,

262 705 277 750 u
314 679 424 764 quiin
447 677 615 745 Oceanum
635 677 826 764 ingreditur.
1031 685 1034 690 '

262 808 278 856 4
346 781 400 851 40.
443 782 566 848 Iterum
576 782 666 847 iuxta
675 783 779 867 ipsam
787 783 967 847 Britaniam
977 783 1055 847 eirea

263 909 277 957 a
316 885 449 951 limbum
473 883 597 951 Oceani
622 885 752 970 ponitur
779 887 884 972 patria
910 909 989 970 quae
1013 884 1056 949 di·

262 1013 278 1060 s
316 989 399 1054 citur
421 987 618 1071 Guasconia,
639 995 722 1072 qua'c
744 988 785 1054 ab
807 990 948 1074 antiquis
962 989 1056 1072 Aqui·

263 1117 278 1164 ⁷
315 1093 404 1158 tania
425 1091 602 1158 dicebatur.
646 1115 741 1176 quam
756 1091 974 1171 Guasconiam
992 1094 1057 1179 plu-

264 1221 279 1266 s
315 1196 388 1260 rimi
411 1195 650 1282 descripserunt
669 1195 864 1281 philosophi,
886 1219 927 1262 ex
949 1195 1056 1281 quibus

264 1323 279 1368 a
316 1319 377 1386 ego
397 1299 464 1387 legi
477 1300 752 1386 praenominatum
767 1299 948 1364 Anaridnm
962 1299 1057 1364 etFl-
1101 1315 1102 1318 ’

248 1427 279 1472 ιο
316 1401 489 1468 debeldum
519 1401 701 1468 Gothorum
731 1402 950 1488 philosophos.
1006 1402 1058 1468 sed

249 1530 279 1575 11
316 1530 381 1572 non
409 1507 585 1591 aequaliter
611 1494 789 1592 praefatam
816 1505 1058 1593 designaverunt
1102 1527 1103 1592 j

249 1633 281 1678 ns
316 1611 463 1696 patriam.
515 1609 574 1676 sed
602 1633 662 1697 ego
689 1608 867 1675 secundum
888 1611 1058 1696 praefatum

249 1736 281 1782 18
316 1711 498 1778 Anaridum
520 1721 618 1800 supra
639 1714 778 1799 scriptae
794 1711 997 1779 Guasconiae
1020 1715 1059 1777 ci·

250 1843 282 1889 14
317 1816 482 1884 vitates'et
495 1817 628 1882 flumina
641 1816 817 1905 designavi.
855 1840 953 1902 quam
966 1817 1060 1901 Aqui-

250 1945 281 1992 15
317 1920 438 1985 taniam
466 1921 541 2007 ipsi.
557 1921 740 2007 philosophi
767 1923 904 1986 multum
932 1921 1060 1986 fertilem

250 2049 282 2095 1e
318 2045 388 2088 esse
411 2023 561 2089 dixerunt
581 2026 616 2090 in
630 2024 778 2091 omnibus
792 2025 995 2091 victualibus.
1031 2025 1060 2088 in

250 2151 281 2198 1⁷
319 2148 383 2211 qua
405 2125 593 2193 Guasconia
620 2129 774 2214 plurimas
800 2129 901 2194 finisse
923 2130 1060 2194 civitates

251 2255 283 2301 1s
318 2230 467 2318 legimus,
493 2231 673 2316 exquibus
701 2233 882 2316 aliquantas
904 2234 1061 2298 nominare

252 2359 283 2405 te
318 2335 477 2418 volumus,
498 2335 533 2400 id
555 2346 605 2402 est

322 2527 334 2570 1
350 2531 409 2584 pout
426 2531 551 2572 nauseant
569 2526 626 2573 edita·
642 2531 751 2586 repetunt
763 2524 874 2584 plurima
921 2527 935 2572 2
954 2525 1061 2586 sigugnu
1095 2508 1099 2522 ’

319 2595 444 2655 sigi-igna
461 2596 490 2654 A,
509 2598 612 2656 aigugna
626 2598 662 2654 R,-
680 2595 815 2655 Sequanam
833 2609 882 2642 esaa
900 2596 1023 2658 collaym'a
1038 2607 1066 2640 cc

323 2665 414 2712 Tabula
430 2667 497 2713 Peut.
570 2669 584 2714 3
613 2681 716 2714 occeano
737 2665 761 2714 Ο.
788 2665 798 2712 ΙΙ
819 2672 877 2724 pcat
900 2665 1061 2728 ingrediturB

320 2737 376 2784 add.
394 2750 438 2795 xx,
460 2736 550 2784 eada.
570 2737 599 2784 de
617 2738 748 2798 guasconia
766 2751 812 2795 que
830 2737 861 2782 ab
880 2739 985 2798 antiquis
1002 2737 1062 2796 aqui·

320 2807 387 2855 tania
398 2808 529 2854 dicebatur.
567 2808 699 2855 bocceani
712 2807 736 2866 0,
755 2821 870 2854 oceanum
883 2809 934 2854 AB.
976 2807 1062 2855 66η-

321 2879 415 2926 conium
435 2879 507 2926 Grec.
522 2879 546 2925 2.
600 2880 625 2930 ,9
652 2879 798 2926 altharidum
815 2877 844 2935 A,
864 2880 1027 2926 athanaridum
1043 2877 1062 2922 Β

321 2949 386 2996 editi.
414 2948 423 2994 ΙΙ
446 2954 473 2996 et
491 2949 652 2996 Eloebaldum
670 2964 714 2996 om.
733 2949 776 2994 AB
794 2948 859 2996 editi.
916 2952 946 2996 10
974 2949 1062 3009 gottho-

320 3034 373 3066 rum
395 3018 443 3067 Δί’.
469 3019 479 3066 ΙΙ
503 3021 675 3080 philosophum
696 3021 740 3066 AB
757 3020 821 3066 editi.
905 3021 936 3067 ts
963 3021 1062 3066 althena·

321 3091 400 3138 nidum
422 3093 457 3149 B,
492 3092 660 3138 athanaridum
682 3093 703 3137 A
726 3091 789 3138 aditi.
844 3089 855 3137 ΙΙ
904 3091 1013 3152 gasconis
1038 3089 1060 3134 Α.

324 3162 356 3208 14
375 3165 408 3218 et]
425 3161 464 3208 vcl
475 3162 520 3208 AB
531 3163 596 3208 editi.
651 3164 682 3208 16
701 3161 820 3210 vittualiis
831 3162 862 3221 Β,
875 3162 994 3210 victualiis
1005 3160 1061 3208 aditi.

324 3233 355 3278 17
384 3235 445 3290 qna]
463 3233 517 3292 ipsa
535 3231 559 3280 0.
587 3232 597 3279 ΙΙ
622 3234 736 3293 gasconia
752 3234 782 3280 A.
842 3235 874 3281 18
897 3242 955 3294 post
970 3235 1061 3295 legimus

322 3302 429 3348 suddit
446 3303 493 3348 ids.
