2198 3840
248 317 300 370 416
992 313 1012 360 V
1028 317 1054 363 28

270 491 278 533 ι
320 461 465 530 Orientis
493 464 624 550 plagam
651 471 784 549 propter
812 462 922 526 ulvam
946 461 1057 524 innavi-

241 558 282 633 ¹a
319 565 435 653 gabilis
458 588 529 632 esse
552 565 733 631 ascribitur.

268 685 282 728 a
362 667 419 732 Ad
431 677 556 754 partem
566 691 643 734 vero
653 667 864 735 meridianam
874 667 972 732 habet
981 674 1057 730 totus

267 787 283 832 4
319 770 458 837 mundus
489 772 587 836 finem
620 769 789 836 Oceanum
821 773 877 855 qui
910 771 997 834 venit
1025 767 1058 832 de

269 895 282 938 a
319 874 485 960 praedicta
512 873 606 939 India
633 875 863 940 Thermantioa
889 873 1057 938 Elamonte.

269 997 282 1038 a
321 979 376 1062 qui
391 975 544 1044 Oceanus
566 978 673 1065 tangit
692 978 821 1060 Persas,
843 977 983 1057 Arabas,
1003 975 1059 1038 Ae-

270 1101 282 1142 r
320 1091 456 1170 gyptum
483 1082 681 1164 inferiorem,
710 1081 889 1166 Aethiopas
912 1077 1059 1144 Auxumi-
1093 1155 1094 1158 Ἴ

269 1205 283 1246 a
321 1196 426 1267 tanos,
448 1186 627 1271 Aethiopas
644 1181 871 1266 Caudaoissos⁷
891 1183 1059 1266 Aethiopas
1093 1187 1094 1200 ³

269 1307 283 1349 a
314 1285 594 1375 'Trogloditorum
616 1289 794 1373 Aethiopas
814 1285 1059 1362 Garamantum,
1093 1323 1094 1326 =

254 1411 283 1454 ro
321 1391 499 1477 Aethiopas
514 1391 706 1473 Bibohlatis,
728 1389 844 1455 deinde
859 1390 994 1456 Mauros
1007 1389 1060 1452 Pe

254 1515 283 1558 11
322 1517 375 1560 ras
397 1493 589 1576 Salinarum,
611 1495 727 1560 iterum
749 1495 886 1559 Mauros
901 1494 996 1580 Egel,
1014 1513 1058 1556 us·

253 1619 284 1663 12
323 1621 385 1682 que
407 1596 450 1662 ad
470 1600 588 1663 fretum
610 1597 698 1682 quod
726 1599 873 1684 superius
895 1597 1060 1663 nominari·

254 1724 284 1767 1a
322 1724 393 1768 mus
416 1701 503 1786 quod
525 1701 643 1766 dicitur
663 1699 963 1789 Septegaditanum.

254 1827 285 1870 14
367 1805 422 1870 Ad
442 1814 567 1891 partem
581 1828 657 1869 vero
678 1806 961 1890 septentrionalem
975 1805 1060 1872 habet

254 1930 284 1974 15
322 1918 410 1974 totus
426 1908 564 1974 mundus
579 1909 676 1974 finem
690 1909 892 1994 praedictum
903 1907 1059 1976 Oceanum
1093 1895 1094 1946 3

1092 2063 1094 2158 ἱ

323 2242 335 2285 1
355 2243 465 2298 propter]
483 2253 557 2299 prope
578 2239 601 2286 0.
620 2241 630 2286 ΙΙ
646 2241 739 2296 ulrum}
757 2239 899 2287 ullalamina
919 2239 942 2286 0.
967 2241 977 2286 ΙΙ
995 2238 1059 2285 inari·
1093 2233 1094 2276 ἕ

321 2310 409 2368 gabilis
421 2312 449 2368 A,
468 2310 634 2357 inhabitabilis
645 2311 709 2356 editi.
758 2311 773 2356 2
793 2311 936 2360 describitur
943 2311 973 2368 A,
989 2309 1059 2356 asscri-

321 2381 387 2426 bitur
400 2379 425 2437 0,
446 2381 590 2427 adscribitur
607 2382 671 2428 editi.
726 2382 740 2428 5
760 2382 903 2428 thermatiea
920 2381 968 2439 Ac,
986 2386 1059 2426 ternu·
1093 2417 1094 2430 t

321 2452 371 2496 tica
382 2451 411 2507 Β,
430 2451 582 2498 Termantioa
600 2453 664 2498 editi.
695 2452 704 2498 ΙΙ
734 2451 877 2508 Elamontel
895 2455 912 2498 i.
925 2467 945 2498 e.
958 2451 1057 2498 Elamita
1092 2449 1094 2504 t

323 2522 568 2580 Squilquareedttt.
586 2523 596 2568 t
616 2524 764 2568 oceanr‘rAB.
802 2523 1032 2583 tethyopathie
1042 2524 1059 2564 et

322 2590 399 2652 infra,
418 2593 537 2650 ethiopiae
557 2592 580 2639 0.
609 2594 618 2639 ΙΙ
645 2595 807 2639 auximitanoa
827 2591 850 2639 0.
920 2596 934 2640 8
963 2593 1058 2649 ethiopes
1093 2599 1094 2656 ᾗ

323 2664 388 2722 (aute
406 2661 574 2722 Gandaoissos)
593 2663 639 2710 Ac.
668 2664 677 2710 ΙΙ
704 2665 849 2710 eandieissos
867 2665 897 2709 B.
954 2667 969 2710 9
995 2660 1058 2708 tricli·
1093 2691 1094 2718 5

322 2740 400 2780 torum
419 2733 473 2790 AB,
502 2734 703 2794 Troglodytorum
722 2735 787 2780 editi.
823 2735 832 2780 t
863 2742 921 2792 poet
937 2733 1058 2794 Troglody-

322 2811 400 2850 torum
421 2801 511 2850 (lodda
534 2819 576 2850 seu
594 2805 751 2851 trochtorum.
778 2805 787 2850 ΙΙ
813 2806 923 2865 ethiopes
942 2805 966 2852 0.
992 2804 1002 2850 a
1024 2816 1059 2862 gu·

322 2875 466 2921 ramantium
488 2875 539 2920 AB.
613 2877 644 2920 10
675 2877 783 2934 ethiopes
808 2875 832 2922 0.
860 2877 870 2922 ΙΙ
895 2872 1059 2922 biblobatisB

324 2946 388 2992 editi.
424 2945 433 2990 ΙΙ
469 2945 567 3002 deinde}
587 2945 689 3004 denique
707 2947 735 2991 A.
772 2947 782 2991 t
815 2961 899 2992 mauro
917 2961 997 3006 speras
1017 2943 1058 2998 AB,

323 3029 488 3074 maurosperas
509 3014 532 3071 0,
559 3031 633 3075 sopra
650 3015 795 3062 Mauritania
811 3017 914 3064 Perosis.
970 3019 998 3062 11
1023 3015 1058 3058 ite

324 3089 389 3142 rum]
408 3086 470 3131 inter
487 3085 535 3132 Ac.
592 3089 620 3132 12
650 3089 681 3132 ad
699 3103 742 3133 ona
762 3089 806 3134 ΑΒ
824 3088 889 3134 editt.
916 3088 926 3134 u
951 3087 1013 3147 quod
1027 3098 1059 3130 su·

324 3158 404 3217 parius
414 3158 589 3204 nominavimus
600 3159 686 3204 fretum
698 3159 742 3204 AB
754 3159 817 3204 editi.
874 3161 905 3205 la
925 3160 1000 3218 quod}
1011 3154 1057 3215 aa

325 3229 335 3274 u
349 3227 614 3294 Septem-Gaditanum
632 3229 695 3274 editt.
747 3231 777 3276 14
806 3235 901 3288 aparte
912 3244 968 3276 vero
979 3233 1057 3286 septen

326 3299 429 3345 triouaIe
447 3299 468 3346 B
487 3298 551 3344 editi.
