2314 3840
234 273 270 326 ³6
505 247 512 257 ”
990 265 1002 312 1
1023 265 1056 312 15

253 443 267 488 1
303 419 441 498 locatur,
463 437 655 501 quamquam
678 411 837 478 mediante
860 433 958 475 verno
975 418 1058 474 tem·

253 544 268 590 a
304 543 382 608 pore
406 542 469 584 nox
492 519 595 583 minor
617 515 669 582 die
692 515 937 580 demonstratur.
1006 560 1009 576 .

254 646 268 692 1
339 621 391 692 111.
443 620 530 686 Nam
566 629 598 684 et
630 621 701 706 ipsa
727 617 858 702 Europa
890 619 1060 705 angustior

254 747 270 792 4
305 749 402 811 quam
417 724 531 790 Africa
553 746 623 788 esse
638 722 825 802 dinoscitur,
848 731 968 804 quanto
990 745 1059 786 ma-

254 847 269 894 c
307 830 357 917 gis
379 826 545 914 praedicta
559 827 641 891 Asia
654 824 881 912 angustissima
896 847 967 890 esse
984 847 1059 910 pro-

255 950 269 994 c
306 932 418 1013 batur,
447 939 480 996 et
502 927 580 994 dum
606 937 656 994 est
677 929 747 1014 ipsa
767 927 899 1013 Europa
926 936 997 992 arta
1024 927 1059 992 in

255 1056 269 1102 1
306 1037 378 1102 loco
400 1032 612 1121 protenditur.
656 1041 688 1096 et
703 1033 731 1096 si
745 1031 808 1096 hoc
822 1031 992 1114 inquisitor
1012 1030 1060 1095 le·

256 1159 271 1206 8
308 1140 424 1204 ationis
446 1137 617 1218 distulerit,
639 1136 690 1200 vel
704 1133 879 1220 prudenter
893 1133 1060 1198 ambulan-

157 1299 158 1303 ,
256 1266 270 1312 1
307 1252 357 1308 tes
379 1243 465 1306 viros
488 1241 674 1326 interroget,
696 1235 964 1322 quemadmodum
979 1235 1061 1302 dici-

240 1368 272 1414 11
308 1367 396 1410 mus:
418 1343 564 1429 praefata
591 1343 675 1406 enim
696 1341 828 1427 Europa
849 1341 937 1404 nullo
963 1339 1061 1406 modo

241 1474 271 1518 11
309 1447 385 1512 alibi
408 1446 543 1532 amplius
559 1443 711 1510 dilatatur
733 1468 753 1508 a
774 1445 854 1508 mari
875 1467 992 1530 magno
1006 1466 1061 1510 us-
1153 1525 1154 1528 Ἴ

241 1575 272 1621 11
290 1603 292 1611 ,
310 1555 373 1635 que
395 1549 438 1616 ad
452 1547 621 1616 Oceanum
642 1549 705 1614 nisi
727 1546 769 1612 ad
789 1547 909 1634 patrias
926 1547 1061 1612 Dalma-

167 1724 170 1731 ,
241 1677 273 1724 11
309 1654 386 1734 tiae,
408 1675 490 1736 quae
512 1653 643 1738 ponitur
657 1661 693 1716 ut
709 1650 847 1716 diximus
863 1673 959 1736 super
972 1675 1061 1716 mare

242 1779 275 1826 11
310 1780 474 1843 magnum.
512 1779 593 1840 quae
608 1755 713 1842 patria
727 1754 901 1836 Dalmatia,
915 1755 1061 1838 quamvis

242 1881 274 1928 15
310 1859 344 1923 in
366 1857 473 1924 medio
496 1859 560 1923 sint
588 1859 732 1924 diversae
753 1858 891 1943 patriae,
920 1866 1062 1922 attamen

243 1983 284 2036 16Ι
310 1971 399 2027 recto
422 1963 535 2027 itinere
550 1963 682 2048 respicit
699 1960 742 2025 ad
755 1961 905 2041 Damam,
928 1982 1009 2042 quae
1025 1969 1062 2024 ut

243 2089 274 2134 11
312 2065 450 2139 diximus
473 2067 563 2130 iuxta
585 2063 709 2130 Oceani
729 2065 806 2128 litus
828 2064 967 2149 ponitur.

244 2189 275 2236 18
302 2229 303 2232 ,
356 2169 438 2234 Asia
458 2191 535 2234 vero
558 2169 751 2254 amplissime
773 2167 926 2232 dilatatur
947 2190 967 2230 a
988 2191 1063 2253 pro-

163 2337 166 2342 .
244 2293 275 2340 19
312 2272 419 2336 vincia
431 2272 586 2358 Bithynia
599 2273 702 2358 patria
717 2269 917 2348 utdiximus3
933 2271 1065 2357 ponitur

244 2397 276 2442 ao
313 2399 410 2461 super
424 2398 511 2440 mare
525 2390 677 2463 magnum
687 2373 722 2440 id
733 2383 782 2440 est
793 2383 966 2460 angustum
977 2375 1066 2460 quod

313 2599 330 2642 4
358 2597 441 2642 affrica
458 2597 487 2642 B.
561 2598 574 2642 5
595 2596 726 2656 praedicta
741 2593 813 2651 Asia]
833 2594 870 2640 aa
883 2597 988 2654 priorem
1006 2598 1067 2644 Asia

313 2669 456 2713 nominator.
552 2669 566 2712 7
598 2667 761 2725 praetenditur
783 2666 813 2710 B.
891 2667 926 2712 -8
959 2667 1065 2726 pruden-

314 2742 350 2784 tes
364 2739 405 2783 ri.
511 2738 542 2782 10
571 2738 634 2782 enim
665 2751 710 2782 om.
734 2735 798 2782 editi.
899 2739 930 2782 11
960 2737 1066 2797 amplius

314 2807 374 2854 alibi
398 2808 426 2853 A.
501 2808 532 2854 13
560 2811 682 2866 ponuntur
701 2807 732 2852 B.
762 2806 772 2852 ii
803 2811 830 2852 ut
853 2807 971 2863 diximus]
996 2811 1066 2854 immo
1156 2856 1157 2861 ,

313 2877 375 2924 nihil
388 2877 415 2923 de
427 2878 490 2924 mari
501 2891 587 2938 mayoc
600 2891 628 2935 p.
642 2877 675 2923 28
694 2879 736 2923 11.
819 2876 851 2922 14
879 2881 948 2936 quael
969 2892 1017 2937 qua
1034 2880 1066 2925 B.

317 2949 348 2994 16
368 2953 396 2994 ut
408 2949 527 3005 diximus]
547 2945 669 3008 ef.281.
726 2949 758 2994 18
777 2948 897 3007 provintia
908 2949 938 2994 Β.
977 2950 1068 2996 tabi-

315 3019 401 3078 thynia
418 3020 447 3075 A,
474 3019 578 3064 bithinia
598 3019 629 3076 Β,
656 3019 785 3078 Bithyniae
808 3017 872 3064 editi.
900 3019 910 3064 ΙΙ
935 3021 1014 3078 patria
1036 3023 1067 3078 A,

315 3090 395 3148 patria
412 3090 442 3146 B,
460 3090 552 3148 patriae
571 3103 631 3148 quae
650 3089 714 3136 editi.
741 3089 751 3134 il
776 3094 804 3134 ut
822 3089 940 3146 diximus}
960 3092 981 3136 ia
1001 3090 1068 3138 loeus

316 3159 341 3204 ia
356 3159 479 3217 prioribus
496 3161 689 3216 conterendam
708 3156 839 3219 ef.1119.
916 3161 948 3206 20
977 3162 1004 3207 id
1016 3167 1066 3220 estl

317 3229 381 3276 idem
399 3229 464 3276 editi.
487 3231 497 3277 ΙΙ
521 3231 597 3289 quod]
617 3231 658 3288 qui
675 3230 725 3276 AB.
