2198 3840
235 349 287 403 sla

256 521 266 566 l

254 625 268 668 2

253 730 267 770 3

252 830 266 872 4

252 933 266 976 5

253 1037 266 1080 6

251 1139 265 1182 ‘1

250 1245 265 1289 8

251 1351 265 1394 9

234 1453 264 1497 10

233 1560 263 1604 11

232 1661 263 1706 12

232 1765 263 1809 13

228 1868 263 1918 14

231 1969 262 2016 15

230 2075 261 2119 16

230 2179 260 2222 17

230 2283 260 2328 18

229 2385 259 2430 19

227 2488 260 2533 20

227 2589 258 2636 21

226 2693 259 2740 22

973 358 1034 404 Vns

347 499 429 564 Item
454 502 545 565 iuxta
577 523 675 586 supra
706 502 860 586 scriptam
889 503 1036 568 civitatem

306 599 428 668 Caralis
452 614 501 668 est
523 605 636 670 civitas
659 627 740 688 quae
763 603 883 670 dieitur

453 707 761 794 Noralpraesidium

452 811 567 893 Aquae
590 809 713 876 calidae
734 809 1013 895 Neapolitanorum

451 913 542 978 Eteri
563 911 758 999 praesidium

453 1015 571 1084 Castra
592 1016 708 1081 felicia

345 1119 467 1188 Iterum
489 1145 529 1185 ex
551 1121 614 1186 alio
635 1120 736 1184 latere
757 1121 848 1185 iuxta
863 1142 959 1205 supra
972 1119 1041 1186 scri-

301 1233 390 1310 ptam
419 1225 581 1290 civitatem
604 1219 730 1288 Caralis
758 1233 808 1288 est
832 1224 945 1290 civitas
967 1245 1040 1307 quae

302 1327 419 1393 dieitur
449 1407 452 1414 Ι

450 1430 654 1495 Assinarium

450 1531 543 1599 Saria

449 1634 591 1721 Sariapis
675 1651 677 1656 ’

449 1739 593 1826 Sarpaeh

449 1841 626 1908 Carzanina

449 1943 606 2011 Custodia
628 1946 819 2013 Rubriensis

447 2049 576 2115 Piresse

447 2152 641 2239 Patrapanie

445 2255 571 2343 Ignavi.

340 2359 524 2426 Transeunt
546 2370 654 2426 autem
674 2383 732 2446 per
747 2361 850 2446 ipsam
866 2357 1038 2426 Sardiniam

297 2461 424 2528 diversa
438 2463 580 2545 flumina,
602 2455 688 2530 inter
709 2471 816 2530 cetera
837 2480 920 2547 quae
936 2461 1039 2528 dieun-

295 2575 359 2647 tur,
381 2565 416 2632 id
438 2576 488 2632 est

445 2671 586 2736 Borcani

295 2904 309 2948 3
336 2903 403 2948 Nura
420 2910 443 2948 et
459 2902 524 2948 Nure
542 2903 606 2959 Ant,
635 2903 701 2948 Num
722 2903 777 2949 Tab.
844 2905 859 2948 4
889 2903 965 2963 Aquis
983 2903 1036 2950 Nas-
1091 2951 1092 2956 ,

293 2973 408 3031 politanis
426 2975 489 3030 Aut,
510 2965 615 3022 ‘'Pdaaa
632 2969 827 3024 Νεαπολιτανά
846 2973 910 3022 Ptol.
939 2975 948 3022 ΙΙ
973 2985 1036 3032 aque

294 3043 370 3089 aalide
389 3044 420 3088 Β.
492 3045 506 3089 6
534 3043 612 3090 felitis
629 3046 657 3089 A.
731 3046 762 3090 12
790 3041 949 3112 Σαραλαπίς
972 3041 1034 3098 Prot,
1090 3045 1092 3088 ἶ

292 3129 354 3160 amsa
372 3113 396 3160 S.
408 3115 465 3161 vito
485 3115 509 3160 di
528 3111 650 3160 Sarabus?
706 3117 736 3161 13
757 3114 862 3173 Sarpath
882 3116 964 3172 Gaida,
989 3114 1035 3162 Sur·
1091 3119 1092 3166 1

293 3185 446 3244 espossiae?
493 3185 524 3230 14
544 3184 751 3232 Carsanieaeditr'.
798 3187 829 3232 16
850 3183 1033 3246 Pyresseuauo.
1091 3167 1092 3206 4

294 3257 325 3301 17
345 3257 486 3314 patrapavie
497 3254 545 3313 Ac,
565 3255 723 3314 Patropaniae
741 3257 806 3312 aditi,
824 3255 911 3320 Paurie
927 3263 950 3304 at
961 3257 1033 3303 Patina
1091 3255 1092 3288 ³

293 3326 376 3372 Gnido.
433 3328 462 3372 19
490 3327 625 3372 sardanium
644 3327 674 3372 Β.
729 3328 761 3372 22
790 3327 972 3376 Burtani‘editr'.
