2242 3838
15 333 139 408 inre

14 533 15 574 3
74 503 85 547 1
270 481 378 567 Lippa

14 577 16 666 ξ
73 605 86 650 a
272 584 386 650 Linao.

72 710 86 755 e
154 685 207 755 18.
251 686 336 752 Item
350 687 392 753 ad
405 698 530 774 partem
545 690 637 773 quasi
651 685 873 770 meridianam,

14 781 15 790 ¹
72 813 87 858 4
122 789 282 876 quomodo
311 815 331 857 a
359 793 593 878 spatiosissima
621 791 749 857 dieatur
774 799 872 872 terra,

73 915 87 959 t
122 904 172 959 est
202 895 308 981 patria
340 916 423 980 quae
452 895 572 962 dieitur
600 895 696 961 Albis
724 893 872 981 Ungani,

72 1019 85 1064 6
121 1007 292 1064 montuosa
305 1021 364 1084 per
377 999 521 1087 longum,
541 1001 634 1084 quasi
648 997 690 1063 ad
705 996 873 1064 Orientem

72 1123 85 1167 r
121 1103 258 1167 multum
268 1101 463 1186 extenditur,
474 1104 565 1168 ouius
577 1104 684 1187 aliqua
694 1101 872 1188 parsBaias

71 1227 86 1272 a
121 1203 250 1270 dieitur.
287 1205 664 1291 praenominatamAibis
674 1205 811 1291 patriam
824 1225 874 1268 se-

72 1330 86 1375 a
121 1307 265 1374 eundum
297 1310 477 1396 praefatum
504 1309 770 1374 Maronmmirum
802 1307 874 1392 phi-

58 1434 86 1479 ro
120 1413 303 1498 losophum,
326 1414 382 1498 qui
404 1411 577 1480 Saxoniam
600 1411 770 1493 describit,
788 1409 873 1476 desi·

58 1537 85 1581 11
121 1517 303 1602 gnavimus.
353 1516 435 1581 haee
461 1517 567 1602 patria
594 1516 692 1582 habet
719 1535 784 1579 non
805 1537 874 1579 mo·

59 1640 86 1686 rr
121 1619 197 1684 diea
218 1618 361 1702 flumina,
382 1621 467 1685 inter
489 1631 596 1685 cetera
609 1604 726 1685 fluvius
741 1616 873 1705 grandis

60 1743 86 1788 rs
121 1724 178 1807 qui
193 1721 314 1788 dieitur
324 1723 421 1789 Albis
437 1733 470 1788 et
480 1723 679 1810 Bisigibiiias
694 1722 873 1810 sexaginta,

59 1845 87 1890 14
121 1849 204 1911 quae
227 1827 262 1890 in
285 1824 418 1892 Oceano
440 1827 629 1892 funduntur.

59 1951 87 1998 rs
157 1927 207 1998 19.
253 1929 337 1995 Item
363 1930 538 1996 confinales
565 1928 709 1996 eiusdem
731 1929 872 2017 regionis

59 2055 87 2100 rs
122 2043 200 2100 sunt
227 2035 350 2120 patriae
384 2035 480 2120 longe
508 2034 636 2118 lateque
664 2033 873 2099 dilatissimae

58 2159 86 2204 17
122 2137 206 2204 duae
228 2159 311 2222 quae
332 2138 537 2202 nominantur
550 2137 748 2219 Pannoniae,
769 2135 805 2200 id
824 2144 874 2201 est

59 2263 87 2309 rs
121 2242 255 2307 inferior
270 2249 302 2306 et
317 2242 472 2327 superior.
509 2261 589 2326 quas
610 2241 731 2326 patrias
745 2238 876 2326 plurimi

125 2406 138 2450 1
157 2403 251 2464 Lippa]
269 2401 358 2463 Lippia
374 2405 422 2450 aive
439 2403 535 2464 Luppia
553 2401 617 2450 aliie.
672 2403 687 2450 1
706 2402 794 2459 Linae]
813 2413 875 2447 auae

122 2471 213 2522 Leine?
239 2473 249 2520 ΙΙ
272 2480 328 2533 port
345 2473 420 2522 Linao
441 2473 530 2521 codd.
551 2475 580 2520 de
597 2474 677 2534 patria
695 2473 757 2520 albis
775 2472 873 2531 ungant.

124 2545 293 2592 iimeridiano
312 2545 342 2590 Β.
397 2546 413 2591 4
439 2546 560 2604 quomodo
579 2548 606 2602 a]
626 2558 673 2603 quo
692 2544 756 2590 editt.
784 2543 794 2589 ΙΙ
819 2555 875 2600 spa-

124 2615 258 2662 eiosissima
278 2613 301 2662 0.
358 2614 372 2661 5
394 2621 449 2674 port
466 2615 536 2662 Albis
555 2615 613 2661 editi
631 2613 741 2661 lucanam
759 2613 872 2667 indicarat,

125 2701 194 2747 quam
211 2684 334 2731 stiantius
353 2687 392 2742 (ta
410 2685 479 2732 Miro.
503 2685 586 2732 Ber-ol.
606 2685 648 2730 ai
667 2699 694 2744 p.
706 2683 766 2730 191.
790 2680 872 2728 Berol.

125 2755 201 2803 1734.
222 2755 278 2812 ito)
298 2757 333 2802 ito
350 2753 428 2814 explet
445 2761 468 2802 et
487 2755 560 2815 plana
578 2761 614 2801 est
631 2769 714 2802 versus
727 2753 875 2814 Septentrio-

123 2841 186 2885 nem,
199 2827 243 2873 ubi
254 2826 374 2872 habitant.
398 2825 407 2872 ΙΙ
426 2825 535 2886 Ungani}
554 2825 653 2886 Urgani,
666 2824 763 2882 Ureani,
776 2823 874 2882 Uareni,

126 2911 183 2958 gens
212 2895 311 2944 slavica
336 2895 430 2944 Μυσὴ.
455 2896 472 2944 l.
498 2896 528 2954 l.‚·
559 2895 592 2958 es.
609 2895 769 2956 Maurungani
792 2895 826 2942 28
849 2893 875 2942 3.

127 2970 141 3014 6
169 2969 251 3028 quasi}
272 2982 332 3027 qnae
351 2968 415 3014 editi.
474 2969 488 3014 7
516 2968 594 3028 boyas
615 2966 638 3014 0.
697 2968 712 3014 8
741 2967 875 3026 praenomi-

125 3044 184 3086 nata
201 3040 222 3086 Δ
240 3037 305 3085 editi.
332 3039 343 3086 ii
367 3039 500 3099 patriaAB
513 3039 576 3085 editi.
633 3038 664 3084 10
685 3037 837 3097 designamus
850 3035 874 3084 0.

129 3111 160 3156 la
178 3109 336 3169 Bisigibiliasl
349 3109 437 3156 alarice
449 3113 464 3157 i.
478 3125 500 3170 q.
512 3109 583 3156 Albis
594 3123 650 3168 pars
663 3109 771 3168 superior
782 3107 875 3155 Prisci.

129 3179 145 3226 l.
156 3178 186 3237 l.,·
205 3195 237 3226 aa
249 3180 473 3242 leqeariamVisurgi
483 3185 508 3227 et
517 3180 566 3228 alia
575 3175 718 3239 sexaginta?
774 3181 812 3225 14.
821 3185 878 3238 port

127 3251 261 3298 irmdnntur
281 3249 300 3297 0
316 3251 371 3298 odd.
391 3253 420 3298 de
439 3252 532 3298 duabus
544 3251 672 3310 pannoniis
685 3250 710 3297 id
723 3254 759 3296 est
771 3249 877 3298 inferiori

129 3327 154 3370 et
171 3323 295 3382 superiori.
351 3321 382 3369 15
402 3321 526 3369 confinalis
544 3322 609 3368 editt.
