2210 3834
63 335 96 383 IV
111 335 143 382 42
824 338 876 390 ³⁰1

10 499 11 536 l
80 501 90 544 r
126 481 308 566 chiliopolin
332 503 401 546 esse
425 491 573 546 asserunt
596 492 646 547 est
667 483 772 568 patria
795 506 877 568 quae

9 538 11 630 l
77 607 90 652 e
124 585 240 650 dicitur
262 583 392 670 Spania.
444 608 526 669 quae
549 585 670 672 Spania
693 585 876 652 extenditur

8 659 11 768 l
76 712 89 756 e
123 690 155 752 in
175 687 346 754 latitudine
376 688 417 754 ab
442 687 574 754 Oceano
597 711 700 774 usque
723 689 766 754 ad
787 715 875 756 mare

8 773 10 864 l
75 815 90 858 4
123 816 272 878 magnum
296 790 477 874 Gallicum,
506 793 595 877 quod
617 801 650 858 et
671 793 876 860 Balearicum

7 925 9 1010 h
76 922 88 968 5
122 897 307 981 appellatur.
361 919 458 980 quam
480 896 633 983 Spaniam
661 897 792 982 plurimi
820 896 875 962 de-

7 1013 8 1068 l
76 1026 88 1070 r
122 1001 317 1085 scripserunt
349 991 548 1086 philosophi3
587 1023 628 1065 ex
663 999 779 1084 quibus
814 1025 875 1089 ego

75 1131 87 1174 7
121 1103 182 1189 legi
203 1105 390 1170 multotiens
414 1103 518 1170 dictos
542 1103 726 1170 Uestorium
750 1113 782 1169 et
796 1105 874 1171 Lol-

6 1253 7 1266 ,
73 1235 86 1278 3
121 1207 239 1272 lianum
278 1218 375 1292 atque
413 1208 618 1273 Arbitionem
655 1207 875 1275 Romanorum

73 1338 85 1380 o
122 1311 329 1396 philosophos
358 1322 390 1376 et
413 1335 510 1397 supra
537 1313 694 1398 scriptum
716 1313 874 1379 Aithanae

60 1441 86 1485 10
121 1414 224 1478 ridum
251 1425 284 1479 et
312 1415 552 1480 Heldebaldum
580 1424 676 1500 atque
698 1416 873 1484 Marcomi-

60 1543 84 1589 11
120 1543 188 1583 rum
220 1517 403 1585 Gothorum
435 1520 654 1606 philosophos.
715 1521 774 1587 sed
807 1547 873 1588 non

59 1652 85 1696 12
119 1625 294 1708 aequaliter
310 1625 487 1709 praefatam
499 1635 716 1709 exposuerunt
724 1627 873 1712 patriam,

58 1757 84 1802 la
119 1738 150 1792 et
178 1728 322 1793 eiusdem
349 1729 471 1812 patriae
501 1729 647 1793 civitates
677 1740 710 1794 et
740 1729 873 1795 flumina

57 1861 84 1906 14
118 1856 181 1897 non
204 1839 417 1897 consonantes
438 1832 693 1916 nominaverunt,
717 1833 871 1899 sedulius

56 1969 82 2014 ts
119 1935 201 2000 dixit
224 1936 333 2017 aliter,
364 1936 445 2000 alius
468 1959 544 1999 vero
575 1936 637 2001 alio
660 1937 765 2004 modo.
811 1961 871 2026 ego

56 2071 83 2117 16
118 2063 194 2106 vero
210 2038 388 2105 secundum
399 2041 676 2125 praenominatum
689 2039 871 2108 Castorium

56 2176 82 2221 17
120 2143 318 2229 praedictam
333 2141 486 2228 Spaniam
502 2145 708 2230 eiusdemque
724 2147 870 2212 civitates

120 2336 130 2378 l
161 2333 312 2393 chilicpolim
330 2348 381 2380 esse
399 2336 501 2381 assernit
519 2335 584 2394 editi,
606 2350 656 2382 esee
675 2341 767 2382 csserfit
784 2336 871 2396 quilic-

118 2405 185 2463 polin
205 2406 238 2460 Ας
265 2406 326 2455 ἐπεὶ
343 2407 388 2455 καὶ
412 2403 440 2456 οἱ
458 2399 610 2473 φάσκοντες
627 2403 736 2459 πλείους
753 2401 769 2470 ἢ
787 2403 871 2470 χιλίας

117 2467 166 2528 τὰς
192 2476 251 2526 τῶν
261 2469 374 2544 Ἰβήρων
396 2470 516 2543 ὑπάρξαι
538 2472 630 2530 πόλεις
652 2479 698 2528 ἐπὶ
719 2478 804 2528 τοῦτο
822 2480 870 2542 φέ-

117 2545 217 2632 ρεσθαί
237 2565 285 2613 μοι
309 2543 432 2610 δοκοῦσι,
455 2540 505 2601 τὰς
528 2543 645 2617 μεγάλας
667 2543 757 2615 κώμας
779 2543 871 2601 πόλεις

119 2611 306 2683 ονομάζοντεε
324 2619 488 2666 stratores.
546 2622 557 2666 l
579 2621 593 2666 2
614 2625 650 2666 est
667 2622 748 2679 petria
760 2634 821 2678 quae
834 2621 870 2666 di-

118 2691 179 2736 citur
197 2688 290 2748 spania
318 2704 363 2735 om.
381 2691 425 2736 AB
448 2691 512 2737 editi.
586 2692 600 2737 2
629 2705 690 2749 quse
711 2693 814 2751 yspania
840 2692 869 2736 A.

117 2762 132 2806 4
151 2759 310 2806 halleerieum
328 2761 358 2806 B.
401 2764 414 2806 7
434 2761 578 2807 multociens
597 2760 622 2808 G.
641 2762 650 2807 ΙΙ
670 2763 760 2817 dietosl
779 2762 870 2808 dictum

118 2831 180 2877 editi.
209 2831 218 2876 ll
245 2831 379 2877 kastorium
400 2831 424 2877 C.
452 2832 461 2877 ll
486 2832 605 2878 lolianum
623 2833 644 2878 A
661 2832 725 2878 editi.
789 2835 803 2877 9
832 2847 870 2878 er-

118 2902 271 2947 thanaridum
292 2900 315 2948 C.
374 2904 404 2947 10
424 2905 571 2949 mureumiru
588 2917 665 2963 mcry.
687 2901 710 2949 C.
765 2904 795 2949 11
812 2909 870 2962 poet

119 2972 289 3018 Marcomirum
308 2974 352 3018 AB
371 2973 428 3018 editi
446 2974 502 3018 odd.
521 2989 563 3020 seu
582 2975 711 3020 castorium
737 2974 746 3019 ΙΙ
772 2975 869 3033 gottho-

119 3057 169 3089 rum
190 3042 214 3089 C.
244 3043 253 3087 ΙΙ
283 3043 455 3102 philosophum
476 3045 520 3089 AB
539 3045 603 3090 editi.
678 3046 708 3090 12
736 3045 869 3104 praefatam

119 3128 162 3159 om.
184 3112 208 3160 C.
257 3115 289 3160 13
309 3121 334 3160 et
352 3118 513 3175 (utrumquess
532 3115 572 3160 vel
589 3116 633 3161 AB
651 3115 716 3160 editt.
765 3118 796 3162 14
811 3123 870 3175 post

118 3187 158 3230 sed
177 3185 222 3230 AB
241 3185 299 3230 editi
316 3185 372 3232 cdd.
392 3192 423 3232 et.
475 3187 506 3232 15
528 3187 559 3231 16
579 3199 623 3244 ego
637 3189 706 3242 vero]
725 3188 767 3233 sed
778 3200 822 3246 ego
844 3186 867 3233 0.

121 3256 151 3300 16
168 3257 197 3300 17
211 3257 332 3314 prefatum
345 3258 478 3303 kastorium
491 3256 682 3315 prenominatam
697 3255 720 3303 C.
760 3259 791 3304 17
806 3258 869 3304 eins·

118 3326 231 3385 demque]
252 3333 276 3372 et
295 3328 400 3373 eiusdem
420 3327 445 3375 0.
