2242 3838
250 309 304 362 2⁰6

271 481 282 524 l

269 584 284 629 2

269 689 283 732 3

268 795 283 838 4

269 897 282 941 5

269 1002 282 1046 fl

272 1119 278 1147 a

269 1205 283 1248 8

269 1309 283 1351 9

253 1410 283 1453 10

253 1511 282 1555 11

253 1613 284 1658 12

253 1717 283 1761 1³

253 1819 284 1863 14

253 1921 283 1966 15

252 2024 282 2068 16

252 2129 282 2173 17

470 457 618 520 Acmeon

471 559 622 624 Vindinis

470 663 613 728 Beclano

471 767 634 831 Theclana

470 868 641 935 Theranda

472 971 634 1038 Grebulion

473 1073 626 1140 Crebenis

469 1179 589 1244 Lissen

473 1281 556 1347 Nesi

471 1383 656 1452 Gloditana.

364 1487 448 1553 Item
469 1490 503 1553 in
525 1491 596 1576 ipso
611 1491 742 1577 Illyrico
765 1487 807 1553 ad
829 1487 925 1550 aliam
946 1494 1072 1570 partem

320 1593 411 1658 iuxta
425 1617 512 1658 mare
527 1617 680 1682 magnum
695 1591 940 1671 suneoivitates,
956 1589 994 1654 id
1009 1598 1059 1654 est

471 1697 600 1762 Aulona

387 1850 391 1868 ,
432 1833 435 1840 ’
471 1800 601 1866 Absura

470 1905 669 1970 Duraohium

470 2007 607 2074 Plistum

469 2111 610 2176 Lissum.

323 2370 334 2413 1
354 2368 469 2426 Acmeon]
483 2371 600 2417 Hammeo
617 2371 672 2416 Tab.
711 2373 724 2416 2
744 2369 856 2415 vindines
868 2369 898 2425 B,
917 2368 1035 2415 vindunis
1047 2367 1070 2425 C,

226 2464 229 2470 ·
319 2439 433 2485 Vindiras
452 2441 514 2498 editi,
543 2443 662 2488 Vindutae
680 2439 843 2501 apoyraphum
861 2439 984 2497 Leideme,
1012 2440 1071 2486 Vin·

319 2510 385 2556 denis
407 2511 462 2556 Tab.
523 2514 537 2558 3
565 2512 682 2570 Beclanol
701 2511 803 2559 Viciano
826 2509 898 2556 Tam
960 2511 978 2555 4
1010 2511 1071 2556 The-

319 2580 400 2637 claua}
421 2580 533 2641 fortasse
556 2597 584 2628 ex
605 2583 718 2630 vocabulo
741 2587 850 2641 sequente
872 2587 896 2626 et
918 2581 1070 2626 antecedente

317 2651 449 2711 conflatum.
520 2654 534 2698 5
565 2655 691 2700 Theranda
713 2657 784 2700 etiam
804 2652 868 2709 Tae„
896 2652 1020 2698 themuda
1045 2651 1068 2698 C.

320 2728 333 2769 6
354 2722 462 2770 Gabuleo
485 2724 540 2768 Tab.
588 2727 601 2769 7
622 2723 722 2770 Greueni
739 2723 793 2770 Tab.
840 2720 969 2779 seimon]
990 2723 1068 2768 eadem

318 2808 377 2853 quae
394 2793 460 2839 22:17
479 2791 590 2839 Lissum?
645 2797 659 2840 9
678 2796 748 2852 Nesi]
767 2809 816 2840 ema
834 2807 861 2840 ee
874 2792 957 2838 insulis
971 2796 997 2839 in
1014 2793 1068 2840 Tab.

317 2863 416 2924 Illyrico
435 2865 552 2922 adpictis?
617 2865 645 2910 10
674 2865 798 2925 gladitene
819 2863 846 2921 O,
875 2861 997 2910 Clodiana
1013 2867 1067 2910 Ant.

320 2935 384 2990 Tab„
404 2935 537 2982 Celadiene
554 2936 648 2982 Hieros.
706 2938 734 2982 11
756 2937 809 2995 ipsa
829 2935 852 2981 0.
880 2935 890 2980 ΙΙ
914 2934 1067 2994 ylliriacoB.

319 3007 350 3051 13
369 3005 464 3051 Aulona
475 3009 545 3052 etiam
557 3007 613 3052 Ant.
627 3007 682 3052 Tab.
696 3007 746 3063 alii,
760 3006 839 3052 Alona
853 3007 873 3052 V
890 3006 931 3051 13.
971 3005 1068 3052 1411)-

316 3079 384 3131 suta}
402 3076 494 3135 Apsum
511 3077 533 3121 V
547 3077 596 3133 13‚·
614 3075 732 3137 cf.A·psis
749 3078 773 3123 fl.
787 3078 836 3121 207
856 3077 879 3122 6.
938 3077 969 3122 15
990 3078 1067 3123 Dura-

317 3147 397 3193 chium
415 3150 485 3194 etiam
505 3148 580 3204 V13,
605 3149 765 3207 Dyrrachium
783 3149 847 3204 Ant„
871 3147 987 3206 Dyrratio
1011 3147 1066 3192 rab.

318 3221 349 3264 16
378 3219 469 3264 Pistum
492 3219 547 3264 Tab.
614 3221 645 3265 17
673 3220 767 3266 Lissum
786 3220 856 3264 etiam
872 3218 893 3263 V
908 3219 941 3263 14
961 3225 985 3264 et
1001 3217 1064 3274 rab„

317 3288 349 3348 cf.
369 3304 390 3334 v,
402 3289 425 3346 8,
444 3305 505 3336 amec
523 3289 624 3336 Alessio.
