2234 3842
208 333 262 388 ⁵⁵4
878 347 958 382 ormo
980 336 1032 381 128
1111 383 1113 398 ἦ

229 503 242 548 1
279 479 468 546 difenorum.
513 479 605 546 ouius
619 480 741 566 patriae
755 479 914 563 homines,
934 489 971 544 ut
986 480 1036 544 ait
1112 479 1113 490 ’

228 607 243 652 a
279 583 480 648 Athanarioh
496 581 677 648 Gothorum
691 583 913 669 philosophue,
935 605 1035 669 rupes

228 711 243 756 a
279 687 437 751 montium
462 687 643 752 inhabitant
676 697 709 751 et
735 697 854 754 venatu
882 697 951 752 tam
972 687 1037 751 viri

228 817 244 862 4
279 811 376 873 quam
399 798 432 854 et
459 790 609 855 mulieres
630 789 759 873 vivunt,
787 814 871 876 pane
892 791 1036 874 vinoque

229 919 243 966 a
279 901 427 979 expertes
449 901 545 977 atque
567 893 672 979 ignari
692 895 833 960 omnino.
878 917 961 980 quae
976 917 1036 980 pa-

228 1025 243 1070 0
278 997 342 1061 tria
368 1019 465 1082 super
490 1019 601 1062 omnes
630 997 709 1063 aliae
738 997 856 1085 frigida
882 1019 955 1064 esse
977 997 1037 1062 de-

229 1129 243 1173 7
280 1097 440 1164 scribitur.
814 1109 818 1118 '

229 1223 244 1267 a
313 1200 388 1271 128.
433 1199 535 1268 Seoua
554 1201 684 1268 eosdem
699 1225 826 1287 quoque
841 1202 1037 1270 Soerdesen-

228 1325 243 1369 a
279 1327 339 1371 noe
355 1305 468 1371 eodem
489 1306 582 1371 litore
598 1304 730 1372 Oceano
753 1308 859 1392 patria
877 1315 929 1373 eet
951 1329 1036 1390 quae

212 1430 244 1476 10
279 1409 398 1476 dieitur
411 1409 528 1476 Dania.
574 1431 657 1493 quae
675 1409 838 1492 videlieet,
860 1419 898 1475 ut
919 1407 1037 1474 diount

212 1533 242 1578 11
278 1513 481 1579 Athanarioh
503 1522 536 1578 et
557 1512 745 1579 Ildebaldue
768 1523 801 1578 et
814 1514 1036 1580 Maroomirus

212 1635 243 1680 12
279 1615 461 1684 Gothorum
488 1617 689 1704 philosophi,
717 1640 813 1703 super
842 1639 955 1682 omnes
977 1641 1037 1682 na-

212 1741 244 1786 la
278 1721 382 1786 tiones
397 1721 616 1788 velocissimos
630 1721 753 1807 profert
766 1721 923 1786 heminae.
959 1745 1037 1785 nam

212 1845 245 1892 14
278 1824 363 1888 inter
384 1832 507 1890 ceteras
529 1825 592 1889 hoo
614 1847 674 1891 aua
694 1824 746 1889 vel
767 1825 885 1890 infiunt
899 1823 1038 1890 laudant

212 1950 243 1998 15
278 1925 494 2012 problemata:

212 2053 243 2099 ro
321 2029 532 2096 Laudabatur
551 2031 692 2096 Parthus
713 2031 748 2094 in
769 2053 848 2095 arou
870 2031 951 2096 dum
970 2055 1037 2096 non

212 2157 243 2203 1⁷
522 2144 679 2200 noverant
702 2133 839 2200 Gothos.

213 2260 244 2306 18
324 2235 383 2304 Set
405 2260 424 2302 o
447 2237 504 2303 ubi
526 2249 575 2304 est
597 2237 733 2304 Dauus?

214 2363 244 2407 19
325 2339 418 2422 Quae
451 2341 560 2406 Dania
597 2339 694 2407 modo
727 2341 1038 2407 Nordomannorum

212 2463 244 2510 ao
281 2467 339 2510 seu
352 2444 592 2532 Warangomm
614 2444 732 2510 dieitur
752 2445 867 2530 patria.

203 2691 212 2706 .
315 2654 407 2700 audirer
425 2651 474 2714 bsu.
738 2653 773 2716 cf.
785 2655 845 2701 Rau.
859 2655 911 2702 201
933 2658 948 2700 7
961 2671 1000 2716 aq.

281 2750 296 2794 1
326 2753 438 2808 gotomm
458 2746 483 2808 s.
567 2749 581 2794 8
609 2749 730 2794 monrium
754 2745 780 2808 f.
818 2749 827 2793 r
862 2755 985 2796 venenata
1013 2751 1036 2796 b.

281 2820 297 2865 4
325 2824 350 2864 et
376 2833 421 2864 om.
446 2833 468 2864 a.
559 2820 574 2864 8
600 2820 665 2865 secus
686 2817 712 2880 f.
758 2819 768 2864 u
811 2821 988 2879 aoerdephenos
1013 2836 1035 2868 v.

282 2892 296 2935 9
324 2889 406 2936 littore
419 2887 459 2949 su.
516 2890 547 2934 10
576 2890 663 2935 denaia
680 2903 702 2934 r.
729 2887 740 2934 u
766 2895 812 2948 que
831 2889 853 2936 t.
911 2891 941 2936 11
970 2891 1038 2938 Mar-

281 2961 397 3015 comitae}
410 2957 581 3006 marchomirue
592 2975 615 3018 v,
632 2973 713 3005 marco
725 2965 750 3006 et
762 2961 837 3006 mirus
843 2958 871 3021 f.
927 2963 959 3007 13
979 2976 1039 3021 pro·

281 3031 339 3076 feeit
355 3045 377 3076 v.
405 3031 415 3075 ΙΙ
440 3033 505 3087 nam]
523 3044 572 3076 uon
590 3045 612 3076 v.
668 3031 700 3076 14
726 3030 840 3077 laudatur
858 3029 892 3092 bs.
949 3033 983 3077 16
1009 3034 1037 3078 in

282 3104 346 3157 areu]
366 3115 446 3147 marcu
464 3116 486 3147 o.
554 3101 586 3146 17
613 3106 714 3147 noverat
732 3099 767 3161 bs.
841 3103 873 3148 18
901 3103 995 3149 danaus
1013 3118 1037 3148 a.

284 3172 315 3216 19
343 3172 424 3217 damia
445 3185 466 3217 v.
503 3171 513 3217 u
547 3171 747 3217 nordomanorum
769 3186 791 3217 v.
861 3173 894 3219 20
922 3176 977 3230 saul
993 3187 1037 3220 eeu

283 3243 325 3287 aed
342 3257 364 3287 v.
395 3242 405 3287 ΙΙ
435 3241 617 3301 warangorum]
636 3255 813 3302 unarangorum
830 3257 853 3288 v.
