2234 3842
224 305 277 360 494
914 322 998 357 uvmo
1018 311 1050 356 5?

245 479 257 522 1
296 453 425 520 domina
447 465 480 518 ei
501 456 614 542 regine
635 456 778 520 omnium
799 454 928 519 urbium
942 453 1053 520 Roma

244 581 258 626 2
295 560 409 624 sortita
430 568 489 624 est.
533 559 617 624 hane
645 581 706 645 ego
734 560 825 624 iuxta
851 559 955 643 ipsius
979 558 1053 643 phi-

243 686 258 732 e
295 662 465 748 losophum
495 659 679 728 Castorium
707 663 852 748 exposui,
881 663 1054 726 coutinen-

243 789 259 834 4
294 775 360 830 tem
382 767 467 832 iutra
487 789 521 831 se
541 766 770 832 famosissimus
786 773 882 849 atque
896 766 1053 830 victrices

244 891 257 937 ⁶
294 869 476 954 provincias
499 889 585 951 xv111,
614 893 749 954 querum
777 869 907 934 nomina
936 868 1053 934 subter

243 996 257 1041 e
294 995 419 1037 annexa
440 983 524 1038 sunt.

244 1099 258 1144 ⁷
339 1076 532 1160 (Sequuntur
554 1081 632 1142 leaeo
654 1077 794 1161 „Incipit
814 1074 898 1140 liber
916 1075 1053 1160 provin·

242 1203 257 1246 s
294 1179 416 1243 ciarum
430 1179 554 1246 Italiae.
600 1181 704 1247 omnis
719 1181 815 1249 Italia
836 1201 918 1264 quae
933 1201 1052 1243 versus

242 1305 257 1350 e
294 1281 462 1346 meridiem
486 1331 597 1348 .....
627 1283 854 1351 sextadecima
879 1282 1053 1368 provincia

227 1407 257 1454 ιο
294 1383 409 1452 Sicilia
423 1387 528 1450 insula
543 1397 757 1472 computatur,
779 1410 862 1472 quae
876 1385 1051 1470 Tyrrheno

226 1511 255 1556 11
293 1489 374 1553 mari
389 1511 446 1554 seu
456 1489 549 1556 Ionio
563 1491 704 1574 alluitur,
720 1491 823 1575 deque
834 1489 939 1557 Siculi
954 1488 1050 1553 ducis

225 1613 257 1661 12
293 1593 422 1678 propn'o
443 1595 571 1658 nomine
593 1599 828 1680 nuncupatur,“
858 1605 988 1676 sumpta
1011 1615 1051 1658 ex

226 1717 257 1764 ιε
294 1699 387 1760 Pauli
410 1699 546 1762 Diacom?
568 1701 642 1761 dist.
659 1701 759 1782 Lanq.
776 1704 800 1762 2
820 1703 955 1776 9-21,
980 1701 1050 1780 qui-

225 1822 257 1868 14
295 1803 351 1865 bus
374 1804 587 1883 adiunyuntur
608 1792 699 1888 haee)

226 1925 255 1970 15
325 1904 378 1972 57.
424 1926 505 1988 quae
528 1907 604 1970 olim
626 1907 659 1971 in
682 1904 873 1972 calabritidi
901 1915 1048 1971 extremo

225 2027 255 2072 16
292 2009 402 2073 iuncta
430 2007 617 2093 perhibetur
638 2009 760 2075 Italiae.
809 2009 895 2076 unde
924 2019 960 2076 et
983 2031 1049 2074 una

226 2131 255 2176 1⁷
292 2111 529 2197 provinciarum
552 2113 620 2177 eius
643 2136 662 2178 a
684 2113 901 2199 compluribus
923 2112 1049 2179 deseri-

225 2235 256 2281 18
292 2214 389 2280 bitur.
435 2214 493 2280 sed
513 2239 571 2300 per
585 2218 767 2302 angustiam
782 2217 917 2283 secundi
931 2217 1047 2282 diluvii

225 2341 256 2386 19
293 2318 403 2382 localis
417 2319 506 2402 (nam
520 2343 585 2384 uon
600 2321 773 2407 generalis)
789 2323 907 2386 fretum
916 2321 1002 2385 illud
1012 2322 1045 2384 in

224 2443 256 2488 20
294 2444 357 2506 quo
371 2419 482 2506 Scylla
503 2431 552 2486 est
567 2432 600 2488 et
615 2422 763 2491 Caribdis
785 2427 932 2507 scissum,
954 2425 1045 2490 insu·

224 2547 255 2592 21
292 2526 355 2590 lam
367 2525 454 2588 illam
469 2524 585 2590 reddit.
622 2527 707 2593 unde
723 2539 755 2593 et
767 2528 843 2594 urbs
854 2529 888 2592 iu
897 2527 1044 2594 Calabri-

328 2758 418 2804 codieee
437 2757 509 2818 bfmr.
529 2766 551 2805 et
569 2775 589 2806 v.
601 2761 634 2806 15
646 2776 681 2821 sq.
700 2763 763 2807 Μαι.

293 2865 407 2919 6=xv111l
426 2864 507 2910 decem
525 2871 550 2910 et
568 2872 623 2912 octo
641 2866 663 2912 b.
719 2869 838 2914 deuexa
856 2865 891 2929 bf.
948 2869 980 2914 15
1005 2867 1042 2913 hic

291 2936 383 2980 accedit
400 2933 461 2979 liber
477 2936 558 2982 Iacobi
575 2937 694 2983 Mazociii
708 2935 759 2998 fol.
770 2951 812 2984 cx.
840 2938 850 2985 ΙΙ
876 2938 988 2984 oubritidi
1006 2936 1040 2998 bs,

291 3005 409 3053 cularitidi
426 3007 489 3051 Mae.
540 3008 570 3053 16
592 3007 667 3067 ytalie
678 3007 735 3068 fmr
752 3015 775 3054 et
791 3011 827 3055 sic
843 3011 869 3055 in
885 3009 1040 3068 sequentibus.

294 3079 324 3123 18
352 3081 388 3123 set
405 3074 444 3136 fr.
474 3077 484 3122 11
514 3079 624 3135 secundi}
648 3079 723 3125 seculi
745 3095 783 3124 mr
804 3080 877 3136 Μαι,
905 3079 996 3126 saeculi
1018 3079 1039 3125 b.

294 3149 324 3193 19
353 3161 440 3207 genera
460 3145 486 3208 f.
566 3150 597 3194 20
626 3149 695 3196 seille
715 3147 738 3210 f
760 3151 824 3196 Maz.
861 3149 871 3196 ΙΙ
904 3149 994 3196 insulla
1013 3147 1038 3209 s.
1099 3181 1102 3191 ·

292 3220 323 3264 21
353 3219 428 3274 unde}
448 3224 472 3264 et
489 3219 544 3266 inde
563 3235 607 3265 mr.
635 3220 645 3266 ΙΙ
670 3223 708 3278 etl
727 3221 799 3267 etiam
818 3221 855 3266 bm
873 3221 936 3267 Μαι.
965 3221 975 3266 ΙΙ
1001 3235 1039 3266 eu·

290 3289 374 3336 britidi
391 3290 455 3336 Μαι.
