2242 3838
242 300 295 356 ἓ

266 1297 279 1340 9

250 1403 280 1447 10

249 1507 280 1552 11

250 1609 280 1654 12

250 1715 281 1760 13

250 1817 282 1863 14

250 1921 281 1965 15

250 2025 282 2069 16

251 2126 282 2171 17

263 473 279 1237 ωῄσῧοιρωιθμ

463 448 590 514 Bidana

465 553 644 618 Matisnum

463 655 644 721 Luodonon
666 653 892 739 Scatiandrum
914 701 916 704 -

466 761 571 844 Aquis
709 837 713 848 ¹
982 753 984 758 ’

464 863 675 950 Icutmageon

466 966 615 1034 Ribision

466 1067 613 1134 Condate

466 1173 656 1238 Andereton

466 1277 624 1364 Ugernon
657 1300 738 1360 quae
780 1276 960 1341 confinatur
993 1299 1069 1341 cum

316 1381 473 1445 Arelaton
487 1382 617 1447 civitate
631 1381 815 1466 provinciae
830 1378 1049 1466 Septimanae.

360 1484 444 1550 Item
466 1496 542 1550 sunt
565 1486 711 1552 civitates
733 1485 767 1548 in
788 1485 860 1570 ipsa
876 1483 1072 1571 Burgundia

318 1587 359 1652 ad
381 1589 477 1654 aliam
504 1599 645 1674 partem,
674 1612 715 1654 ex
741 1587 858 1672 quibus
887 1588 1071 1672 aliquantas

317 1693 483 1756 nominare
505 1693 669 1774 volumus,
692 1691 727 1756 id
749 1701 799 1757 est

469 1793 650 1860 Catabolon

468 1899 624 1963 Breniton

470 2003 622 2068 Amiman

470 2107 640 2172 Daratatia

322 2367 334 2410 1
363 2364 470 2423 Bidana]
495 2365 562 2412 Beda
584 2366 648 2422 Tam,
675 2365 743 2412 Beda
760 2367 829 2412 vicus
850 2365 924 2411 Anti
979 2367 994 2411 2
1023 2366 1073 2413 Ma-

319 2434 419 2493 ti'scum]
436 2438 505 2482 nimis
524 2437 598 2482 distat
614 2437 747 2483 Matiscone
765 2436 822 2482 Ant.
839 2441 862 2482 et
875 2436 931 2482 Tau.
988 2440 1004 2484 3
1023 2437 1074 2483 luc-

320 2507 386 2552 dom‘n
406 2505 433 2564 C,
461 2507 606 2568 Lugdunum
630 2505 694 2554 alus.
721 2508 731 2554 ΙΙ
757 2505 938 2564 Statianomml
959 2505 1073 2568 Segusia-

319 2591 406 2622 norum
432 2578 497 2625 editi.
571 2580 587 2624 4
612 2578 697 2636 Aquae
724 2578 789 2634 editi,
815 2577 893 2636 Aquis
911 2584 994 2636 segete
1018 2579 1073 2624 Tab.

321 2648 335 2693 t
364 2648 532 2709 Icutmageon]
558 2649 682 2708 Icidmago
710 2649 774 2705 Tau,
805 2647 979 2707 Sicutmugeon
1009 2651 1072 2696 editi.

322 2720 336 2764 6
363 2720 469 2766 ribiseon
489 2719 512 2777 0,
540 2721 686 2766 Reuessione
708 2720 763 2765 Tab.
829 2721 843 2764 7
872 2718 982 2765 Condate
1003 2723 1074 2766 etiam

324 2789 380 2836 Tau.
409 2788 484 2850 (Is),
515 2791 617 2838 condam
644 2789 714 2837 Ano.
799 2790 813 2834 8
841 2789 985 2836 Anderitum
1019 2791 1073 2836 Tab.

322 2863 336 2906 9
363 2860 489 2920 Ugemon]
507 2865 598 2921 ugffins)
618 2863 720 2920 (partim
733 2863 840 2916 eratum)
853 2860 883 2918 Β,
907 2874 1039 2920 vogernon
1051 2860 1072 2916 C,

320 2931 437 2991 Ugurnon
455 2932 519 2988 editi,
544 2933 641 2990 Ugerno
654 2932 710 2978 Tab.
773 2932 805 2978 10
833 2931 1000 2990 provinciuA,
1021 2946 1074 2992 pro-

320 3003 398 3049 vintia
419 3003 453 3059 B,
481 3004 606 3061 provincie
629 3001 654 3050 0.
685 3003 694 3049 ΙΙ
719 3003 851 3062 septimane
874 3000 930 3059 ΒΟ,
959 3005 1075 3062 septima·

320 3075 360 3119 nie
384 3076 417 3130 A,
445 3071 606 3132 Septimaniue
629 3074 694 3119 editi.
771 3075 802 3118 14
831 3071 968 3118 cadabolon
992 3075 1073 3133 (corr.

321 3143 464 3201 catabolon)
486 3143 510 3190 0.
567 3146 597 3191 15
618 3145 746 3201 Brenitonl
766 3144 917 3204 Bergintrum
929 3146 986 3190 Ant.
1003 3143 1074 3190 Tau!

323 3217 354 3260 16
382 3214 488 3261 Aximan
515 3216 583 3273 editi,
624 3215 739 3262 Aximam
769 3215 838 3272 Tau,
879 3206 974 3280 Ἄξιμα
1010 3213 1072 3261 Ptol.

324 3289 353 3332 17
383 3287 521 3332 duruntacia
542 3285 565 3343 0,
593 3287 738 3333 Darantasia
755 3287 809 3331 Ant.
829 3285 884 3330 rat.
