<?xml version="1.0" encoding="UTF-8"?>
<!DOCTYPE html PUBLIC "-//W3C//DTD XHTML 1.0 Transitional//EN"
    "http://www.w3.org/TR/xhtml1/DTD/xhtml1-transitional.dtd">
<html xmlns="http://www.w3.org/1999/xhtml" xml:lang="en" lang="en">
 <head>
  <title>
</title>
<meta http-equiv="Content-Type" content="text/html;charset=utf-8" />
  <meta name='ocr-system' content='tesseract 3.04.00' />
  <meta name='ocr-capabilities' content='ocr_page ocr_carea ocr_par ocr_line ocrx_word'/>
</head>
<body>
  <div class='ocr_page' id='page_1' title='image "./ravennatisanony02ravegoog/ravennatisanony02ravegoog_0321.png"; bbox 0 0 2210 3834; ppageno 0'>
   <div class='ocr_carea' id='block_1_1' title="bbox 241 322 1045 376">
    <p class='ocr_par' dir='ltr' id='par_1_1' title="bbox 241 322 1045 376">
     <span class='ocr_line' id='line_1_1' title="bbox 241 322 1045 376; baseline -0.01 0"><span class='ocrx_word' id='word_1_1' title='bbox 241 322 294 376; x_wconf 73' lang='lat'>288</span> <span class='ocrx_word' id='word_1_2' title='bbox 969 323 1000 369; x_wconf 81' lang='lat' dir='ltr'>iv</span> <span class='ocrx_word' id='word_1_3' title='bbox 1018 324 1045 369; x_wconf 83' lang='lat' dir='ltr'>ae</span> 
     </span>
    </p>
   </div>
   <div class='ocr_carea' id='block_1_2' title="bbox 244 469 1052 1799">
    <p class='ocr_par' dir='ltr' id='par_1_2' title="bbox 261 469 1052 844">
     <span class='ocr_line' id='line_1_2' title="bbox 263 469 1051 551; baseline -0.008 -14"><span class='ocrx_word' id='word_1_4' title='bbox 263 495 274 537; x_wconf 93' lang='lat'>1</span> <span class='ocrx_word' id='word_1_5' title='bbox 315 518 453 532; x_wconf 89' lang='grc'><strong>.....</strong></span> <span class='ocrx_word' id='word_1_6' title='bbox 488 493 562 535; x_wconf 88' lang='lat' dir='ltr'>eum</span> <span class='ocrx_word' id='word_1_7' title='bbox 601 469 761 534; x_wconf 84' lang='lat' dir='ltr'>territorio</span> <span class='ocrx_word' id='word_1_8' title='bbox 796 469 935 533; x_wconf 81' lang='lat' dir='ltr'>civitatis</span> <span class='ocrx_word' id='word_1_9' title='bbox 968 491 1051 551; x_wconf 85' lang='lat' dir='ltr'>quam</span> 
     </span>
     <span class='ocr_line' id='line_1_3' title="bbox 262 573 1052 660; baseline -0.008 -20"><span class='ocrx_word' id='word_1_10' title='bbox 262 597 275 640; x_wconf 79' lang='lat' dir='ltr'>a</span> <span class='ocrx_word' id='word_1_11' title='bbox 313 573 531 658; x_wconf 76' lang='lat' dir='ltr'>praediximus</span> <span class='ocrx_word' id='word_1_12' title='bbox 545 573 778 660; x_wconf 83' lang='lat' dir='ltr'>Sinogaliense,</span> <span class='ocrx_word' id='word_1_13' title='bbox 801 574 891 637; x_wconf 86' lang='lat' dir='ltr'>iuxta</span> <span class='ocrx_word' id='word_1_14' title='bbox 906 595 989 635; x_wconf 87' lang='lat' dir='ltr'>mare</span> <span class='ocrx_word' id='word_1_15' title='bbox 1002 594 1052 656; x_wconf 88' lang='lat' dir='ltr'>po-</span> 
     </span>
     <span class='ocr_line' id='line_1_4' title="bbox 262 674 1052 761; baseline -0.004 -20"><span class='ocrx_word' id='word_1_16' title='bbox 262 699 275 741; x_wconf 84' lang='lat' dir='ltr'>e</span> <span class='ocrx_word' id='word_1_17' title='bbox 313 679 409 741; x_wconf 88' lang='lat' dir='ltr'>situm</span> <span class='ocrx_word' id='word_1_18' title='bbox 433 676 519 761; x_wconf 87' lang='lat' dir='ltr'>quod</span> <span class='ocrx_word' id='word_1_19' title='bbox 536 677 654 740; x_wconf 89' lang='lat' dir='ltr'>dieitur</span> <span class='ocrx_word' id='word_1_20' title='bbox 670 675 782 740; x_wconf 84' lang='lat' dir='ltr'>lonico</span> <span class='ocrx_word' id='word_1_21' title='bbox 798 675 886 759; x_wconf 89' lang='lat' dir='ltr'>quod</span> <span class='ocrx_word' id='word_1_22' title='bbox 900 686 932 740; x_wconf 89' lang='lat' dir='ltr'>et</span> <span class='ocrx_word' id='word_1_23' title='bbox 947 674 1052 739; x_wconf 84' lang='lat' dir='ltr'>Adria·</span> 
     </span>
     <span class='ocr_line' id='line_1_5' title="bbox 261 783 388 844; baseline 0 0"><span class='ocrx_word' id='word_1_24' title='bbox 261 803 276 844; x_wconf 76' lang='lat'>4</span> <span class='ocrx_word' id='word_1_25' title='bbox 313 783 388 844; x_wconf 87' lang='lat' dir='ltr'>tieo.</span> 
     </span>
    </p>

    <p class='ocr_par' dir='ltr' id='par_1_3' title="bbox 244 883 1052 1570">
     <span class='ocr_line' id='line_1_6' title="bbox 261 883 1052 968; baseline -0.003 -20"><span class='ocrx_word' id='word_1_26' title='bbox 261 903 275 948; x_wconf 79' lang='lat' dir='ltr'>s</span> <span class='ocrx_word' id='word_1_27' title='bbox 357 885 421 949; x_wconf 90' lang='lat' dir='ltr'>Per</span> <span class='ocrx_word' id='word_1_28' title='bbox 444 908 539 968; x_wconf 91' lang='lat' dir='ltr'>quam</span> <span class='ocrx_word' id='word_1_29' title='bbox 562 883 793 948; x_wconf 80' lang='lat' dir='ltr'>nobilissimam</span> <span class='ocrx_word' id='word_1_30' title='bbox 812 883 939 947; x_wconf 81' lang='lat' dir='ltr'>Italiam</span> <span class='ocrx_word' id='word_1_31' title='bbox 960 891 1052 946; x_wconf 86' lang='lat' dir='ltr'>trans·</span> 
     </span>
     <span class='ocr_line' id='line_1_7' title="bbox 261 985 1052 1074; baseline -0.005 -22"><span class='ocrx_word' id='word_1_32' title='bbox 261 1009 275 1052; x_wconf 83' lang='grc'><strong>6</strong></span> <span class='ocrx_word' id='word_1_33' title='bbox 314 998 391 1052; x_wconf 87' lang='lat' dir='ltr'>eunt</span> <span class='ocrx_word' id='word_1_34' title='bbox 421 989 558 1074; x_wconf 88' lang='lat' dir='ltr'>plurima</span> <span class='ocrx_word' id='word_1_35' title='bbox 579 985 725 1050; x_wconf 88' lang='lat' dir='ltr'>flumina:</span> <span class='ocrx_word' id='word_1_36' title='bbox 756 986 814 1051; x_wconf 89' lang='lat' dir='ltr'>sed</span> <span class='ocrx_word' id='word_1_37' title='bbox 842 989 982 1050; x_wconf 89' lang='lat' dir='ltr'>omnium</span> <span class='ocrx_word' id='word_1_38' title='bbox 1001 985 1052 1048; x_wconf 90' lang='lat' dir='ltr'>flu·</span> 
     </span>
     <span class='ocr_line' id='line_1_8' title="bbox 262 1089 1051 1176; baseline -0.005 -21"><span class='ocrx_word' id='word_1_39' title='bbox 262 1113 275 1155; x_wconf 84' lang='lat'>1</span> <span class='ocrx_word' id='word_1_40' title='bbox 314 1094 435 1156; x_wconf 91' lang='lat' dir='ltr'>minum</span> <span class='ocrx_word' id='word_1_41' title='bbox 457 1090 618 1176; x_wconf 80' lang='lat' dir='ltr'>praefatae</span> <span class='ocrx_word' id='word_1_42' title='bbox 640 1089 753 1154; x_wconf 86' lang='lat' dir='ltr'>Italiae</span> <span class='ocrx_word' id='word_1_43' title='bbox 779 1091 970 1175; x_wconf 82' lang='lat' dir='ltr'>praecipuus</span> <span class='ocrx_word' id='word_1_44' title='bbox 991 1112 1051 1153; x_wconf 91' lang='lat' dir='ltr'>esse</span> 
     </span>
     <span class='ocr_line' id='line_1_9' title="bbox 260 1191 1051 1276; baseline -0.004 -18"><span class='ocrx_word' id='word_1_45' title='bbox 260 1214 275 1258; x_wconf 84' lang='lat'>8</span> <span class='ocrx_word' id='word_1_46' title='bbox 312 1195 440 1260; x_wconf 87' lang='lat' dir='ltr'>videtur</span> <span class='ocrx_word' id='word_1_47' title='bbox 472 1193 588 1258; x_wconf 89' lang='lat' dir='ltr'>fluvius</span> <span class='ocrx_word' id='word_1_48' title='bbox 623 1193 678 1276; x_wconf 92' lang='lat' dir='ltr'>qui</span> <span class='ocrx_word' id='word_1_49' title='bbox 712 1191 830 1258; x_wconf 86' lang='lat' dir='ltr'>dieitur</span> <span class='ocrx_word' id='word_1_50' title='bbox 855 1193 974 1258; x_wconf 88' lang='lat' dir='ltr'>Padus.</span> <span class='ocrx_word' id='word_1_51' title='bbox 1024 1195 1051 1256; x_wconf 93' lang='lat' dir='ltr'>in</span> 
     </span>
     <span class='ocr_line' id='line_1_10' title="bbox 261 1295 1051 1383; baseline 0.001 -24"><span class='ocrx_word' id='word_1_52' title='bbox 261 1316 274 1359; x_wconf 84' lang='lat' dir='ltr'>a</span> <span class='ocrx_word' id='word_1_53' title='bbox 313 1322 408 1383; x_wconf 92' lang='lat' dir='ltr'>quem</span> <span class='ocrx_word' id='word_1_54' title='bbox 441 1296 567 1363; x_wconf 87' lang='lat' dir='ltr'>Padum</span> <span class='ocrx_word' id='word_1_55' title='bbox 600 1295 826 1383; x_wconf 82' lang='lat' dir='ltr'>ingrediuntur</span> <span class='ocrx_word' id='word_1_56' title='bbox 866 1296 908 1361; x_wconf 90' lang='lat' dir='ltr'>ad</span> <span class='ocrx_word' id='word_1_57' title='bbox 941 1306 1051 1382; x_wconf 87' lang='lat' dir='ltr'>partem</span> 
     </span>
     <span class='ocr_line' id='line_1_11' title="bbox 245 1400 1005 1488; baseline -0.005 -20"><span class='ocrx_word' id='word_1_58' title='bbox 245 1417 275 1461; x_wconf 85' lang='lat'>10</span> <span class='ocrx_word' id='word_1_59' title='bbox 313 1404 405 1486; x_wconf 85' lang='lat' dir='ltr'>quasi</span> <span class='ocrx_word' id='word_1_60' title='bbox 427 1401 709 1488; x_wconf 79' lang='lat' dir='ltr'>septentrionalem</span> <span class='ocrx_word' id='word_1_61' title='bbox 731 1400 880 1482; x_wconf 86' lang='lat' dir='ltr'>flumina,</span> <span class='ocrx_word' id='word_1_62' title='bbox 904 1401 938 1464; x_wconf 89' lang='lat' dir='ltr'>id</span> <span class='ocrx_word' id='word_1_63' title='bbox 960 1410 1005 1466; x_wconf 89' lang='lat' dir='ltr'>est</span> 
     </span>
     <span class='ocr_line' id='line_1_12' title="bbox 244 1506 566 1570; baseline 0.012 -4"><span class='ocrx_word' id='word_1_64' title='bbox 244 1523 273 1566; x_wconf 92' lang='lat'>11</span> <span class='ocrx_word' id='word_1_65' title='bbox 461 1506 566 1570; x_wconf 88' lang='lat' dir='ltr'>Duria</span> 
     </span>
    </p>

    <p class='ocr_par' dir='ltr' id='par_1_4' title="bbox 245 1608 558 1674">
     <span class='ocr_line' id='line_1_13' title="bbox 245 1608 558 1674; baseline 0.006 -4"><span class='ocrx_word' id='word_1_66' title='bbox 245 1627 275 1670; x_wconf 77' lang='lat'>12</span> <span class='ocrx_word' id='word_1_67' title='bbox 461 1608 558 1674; x_wconf 85' lang='lat' dir='ltr'>Stura</span> 
     </span>
    </p>

    <p class='ocr_par' dir='ltr' id='par_1_5' title="bbox 244 1711 553 1799">
     <span class='ocr_line' id='line_1_14' title="bbox 244 1711 553 1799; baseline 0.006 -25"><span class='ocrx_word' id='word_1_68' title='bbox 244 1731 274 1774; x_wconf 77' lang='lat'>11</span> <span class='ocrx_word' id='word_1_69' title='bbox 463 1711 553 1799; x_wconf 83' lang='lat' dir='ltr'>Orgo</span> 
     </span>
    </p>
   </div>
   <div class='ocr_carea' id='block_1_3' title="bbox 245 1818 621 1882">
    <p class='ocr_par' dir='ltr' id='par_1_6' title="bbox 245 1818 621 1882">
     <span class='ocr_line' id='line_1_15' title="bbox 245 1818 621 1882; baseline 0.013 -6"><span class='ocrx_word' id='word_1_70' title='bbox 245 1834 274 1876; x_wconf 83' lang='lat'>14</span> <span class='ocrx_word' id='word_1_71' title='bbox 462 1818 621 1882; x_wconf 84' lang='lat' dir='ltr'>Amalune</span> 
     </span>
    </p>
   </div>
   <div class='ocr_carea' id='block_1_4' title="bbox 243 1921 722 2090">
    <p class='ocr_par' dir='ltr' id='par_1_7' title="bbox 243 1921 722 2090">
     <span class='ocr_line' id='line_1_16' title="bbox 243 1921 722 1985; baseline 0.002 -2"><span class='ocrx_word' id='word_1_72' title='bbox 243 1940 273 1984; x_wconf 79' lang='lat'>15</span> <span class='ocrx_word' id='word_1_73' title='bbox 461 1921 565 1985; x_wconf 89' lang='lat' dir='ltr'>Duria</span> <span class='ocrx_word' id='word_1_74' title='bbox 585 1921 722 1985; x_wconf 79' lang='lat' dir='ltr'>Bautica</span> 
     </span>
     <span class='ocr_line' id='line_1_17' title="bbox 244 2023 569 2090; baseline 0.006 -5"><span class='ocrx_word' id='word_1_75' title='bbox 244 2043 273 2085; x_wconf 83' lang='lat' dir='ltr'>re</span> <span class='ocrx_word' id='word_1_76' title='bbox 461 2023 569 2090; x_wconf 85' lang='lat' dir='ltr'>Sisido</span> 
     </span>
    </p>
   </div>
   <div class='ocr_carea' id='block_1_5' title="bbox 243 2129 593 2215">
    <p class='ocr_par' dir='ltr' id='par_1_8' title="bbox 243 2129 593 2215">
     <span class='ocr_line' id='line_1_18' title="bbox 243 2129 593 2215; baseline 0 -23"><span class='ocrx_word' id='word_1_77' title='bbox 243 2149 273 2192; x_wconf 84' lang='lat'>17</span> <span class='ocrx_word' id='word_1_78' title='bbox 461 2129 593 2215; x_wconf 76' lang='lat' dir='ltr'>Agunia</span> 
     </span>
    </p>
   </div>
   <div class='ocr_carea' id='block_1_6' title="bbox 309 2318 1098 3365">
    <p class='ocr_par' dir='ltr' id='par_1_9' title="bbox 309 2318 1098 3365">
     <span class='ocr_line' id='line_1_19' title="bbox 313 2318 1098 2379; baseline 0.006 -18"><span class='ocrx_word' id='word_1_79' title='bbox 313 2318 325 2361; x_wconf 95' lang='lat'>1</span> <span class='ocrx_word' id='word_1_80' title='bbox 347 2331 400 2362; x_wconf 87' lang='lat' dir='ltr'>cum</span> <span class='ocrx_word' id='word_1_81' title='bbox 419 2332 463 2362; x_wconf 84' lang='lat' dir='ltr'>om.</span> <span class='ocrx_word' id='word_1_82' title='bbox 477 2318 521 2362; x_wconf 83' lang='lat' dir='ltr'>AB</span> <span class='ocrx_word' id='word_1_83' title='bbox 540 2319 603 2364; x_wconf 82' lang='lat' dir='ltr'>editi.</span> <span class='ocrx_word' id='word_1_84' title='bbox 631 2319 641 2364; x_wconf 88' lang='lat' dir='ltr'>ii</span> <span class='ocrx_word' id='word_1_85' title='bbox 667 2321 811 2365; x_wconf 86' lang='lat' dir='ltr'>territurium</span> <span class='ocrx_word' id='word_1_86' title='bbox 825 2321 874 2366; x_wconf 87' lang='grc' dir='ltr'>ΑΒ.</span> <span class='ocrx_word' id='word_1_87' title='bbox 904 2321 913 2365; x_wconf 87' lang='grc' dir='ltr'>ΙΙ</span> <span class='ocrx_word' id='word_1_88' title='bbox 940 2319 1052 2379; x_wconf 81' lang='lat' dir='ltr'>praedixi·</span> <span class='ocrx_word' id='word_1_89' title='bbox 1097 2363 1098 2366; x_wconf 75' lang='grc'>,</span> 
     </span>
     <span class='ocr_line' id='line_1_20' title="bbox 311 2387 1051 2450; baseline 0.004 -18"><span class='ocrx_word' id='word_1_90' title='bbox 311 2401 363 2433; x_wconf 89' lang='lat' dir='ltr'>mus</span> <span class='ocrx_word' id='word_1_91' title='bbox 386 2401 430 2432; x_wconf 86' lang='lat' dir='ltr'>om.</span> <span class='ocrx_word' id='word_1_92' title='bbox 450 2389 473 2433; x_wconf 92' lang='lat' dir='ltr'><em>B</em></span> <span class='ocrx_word' id='word_1_93' title='bbox 494 2389 589 2444; x_wconf 69' lang='lat' dir='ltr'>Porci„</span> <span class='ocrx_word' id='word_1_94' title='bbox 615 2387 648 2449; x_wconf 85' lang='lat' dir='ltr'>ef.</span> <span class='ocrx_word' id='word_1_95' title='bbox 664 2389 714 2434; x_wconf 78' lang='lat'>258</span> <span class='ocrx_word' id='word_1_96' title='bbox 734 2391 776 2435; x_wconf 88' lang='lat'>12.</span> <span class='ocrx_word' id='word_1_97' title='bbox 851 2392 865 2436; x_wconf 82' lang='lat'><strong>2</strong></span> <span class='ocrx_word' id='word_1_98' title='bbox 893 2390 1051 2450; x_wconf 82' lang='lat' dir='ltr'>senegaliensis</span> 
     </span>
     <span class='ocr_line' id='line_1_21' title="bbox 312 2455 1050 2520; baseline -0.001 -17"><span class='ocrx_word' id='word_1_99' title='bbox 312 2455 375 2514; x_wconf 46' lang='grc' dir='ltr'>θὴς</span> <span class='ocrx_word' id='word_1_100' title='bbox 389 2459 567 2518; x_wconf 80' lang='lat' dir='ltr'>senegalliensis</span> <span class='ocrx_word' id='word_1_101' title='bbox 582 2457 616 2505; x_wconf 75' lang='lat' dir='ltr'>Gr,</span> <span class='ocrx_word' id='word_1_102' title='bbox 645 2461 654 2504; x_wconf 89' lang='lat' dir='ltr'>il</span> <span class='ocrx_word' id='word_1_103' title='bbox 679 2462 756 2519; x_wconf 89' lang='lat' dir='ltr'>posite</span> <span class='ocrx_word' id='word_1_104' title='bbox 768 2461 795 2506; x_wconf 84' lang='lat' dir='ltr'>G.</span> <span class='ocrx_word' id='word_1_105' title='bbox 846 2461 1050 2520; x_wconf 77' lang='lat' dir='ltr'>3quidieitnrl.</span> 
     </span>
     <span class='ocr_line' id='line_1_22' title="bbox 310 2529 1051 2592; baseline 0.004 -19"><span class='ocrx_word' id='word_1_106' title='bbox 310 2531 326 2574; x_wconf 80' lang='lat'>4</span> <span class='ocrx_word' id='word_1_107' title='bbox 341 2535 399 2586; x_wconf 81' lang='lat' dir='ltr'>post</span> <span class='ocrx_word' id='word_1_108' title='bbox 407 2529 531 2575; x_wconf 83' lang='lat' dir='ltr'>Adriatico</span> <span class='ocrx_word' id='word_1_109' title='bbox 546 2529 629 2577; x_wconf 71' lang='lat' dir='ltr'>Casu.</span> <span class='ocrx_word' id='word_1_110' title='bbox 644 2532 672 2577; x_wconf 89' lang='lat' dir='ltr'>de</span> <span class='ocrx_word' id='word_1_111' title='bbox 685 2532 824 2578; x_wconf 85' lang='lat' dir='ltr'>fluminibus</span> <span class='ocrx_word' id='word_1_112' title='bbox 836 2532 919 2592; x_wconf 81' lang='lat' dir='ltr'>ytalie.</span> <span class='ocrx_word' id='word_1_113' title='bbox 969 2535 982 2579; x_wconf 79' lang='lat'>5</span> <span class='ocrx_word' id='word_1_114' title='bbox 1002 2543 1051 2591; x_wconf 81' lang='lat' dir='ltr'>quse</span> 
     </span>
     <span class='ocr_line' id='line_1_23' title="bbox 309 2599 1050 2662; baseline 0.003 -18"><span class='ocrx_word' id='word_1_115' title='bbox 309 2606 438 2658; x_wconf 75' lang='lat' dir='ltr'>sequantur</span> <span class='ocrx_word' id='word_1_116' title='bbox 448 2615 495 2646; x_wconf 79' lang='lat' dir='ltr'>non</span> <span class='ocrx_word' id='word_1_117' title='bbox 508 2601 578 2647; x_wconf 75' lang='lat' dir='ltr'>labet</span> <span class='ocrx_word' id='word_1_118' title='bbox 591 2601 674 2648; x_wconf 77' lang='lat' dir='ltr'>Gnido.</span> <span class='ocrx_word' id='word_1_119' title='bbox 702 2603 712 2648; x_wconf 90' lang='lat' dir='ltr'>ll</span> <span class='ocrx_word' id='word_1_120' title='bbox 738 2606 822 2661; x_wconf 83' lang='lat' dir='ltr'>quaml</span> <span class='ocrx_word' id='word_1_121' title='bbox 836 2605 913 2662; x_wconf 88' lang='lat' dir='ltr'>ipsam</span> <span class='ocrx_word' id='word_1_122' title='bbox 926 2617 1019 2662; x_wconf 86' lang='lat' dir='ltr'>quoque</span> <span class='ocrx_word' id='word_1_123' title='bbox 1031 2599 1050 2646; x_wconf 77' lang='lat' dir='ltr'>G.</span> 
     </span>
     <span class='ocr_line' id='line_1_24' title="bbox 312 2671 1051 2734; baseline 0.004 -19"><span class='ocrx_word' id='word_1_124' title='bbox 312 2672 612 2718; x_wconf 82' lang='lat' dir='ltr'>78videturesseediti.</span> <span class='ocrx_word' id='word_1_125' title='bbox 650 2675 762 2732; x_wconf 87' lang='lat' dir='ltr'>8que1n]</span> <span class='ocrx_word' id='word_1_126' title='bbox 776 2687 823 2732; x_wconf 87' lang='lat' dir='ltr'>que</span> <span class='ocrx_word' id='word_1_127' title='bbox 836 2675 864 2720; x_wconf 83' lang='lat' dir='ltr'>A.</span> <span class='ocrx_word' id='word_1_128' title='bbox 902 2671 1051 2734; x_wconf 72' lang='lat' dir='ltr'>spadone.</span> 
     </span>
     <span class='ocr_line' id='line_1_25' title="bbox 312 2741 1050 2802; baseline 0.001 -16"><span class='ocrx_word' id='word_1_129' title='bbox 312 2743 342 2786; x_wconf 92' lang='lat'>11</span> <span class='ocrx_word' id='word_1_130' title='bbox 362 2741 449 2798; x_wconf 85' lang='lat' dir='ltr'>Duria]</span> <span class='ocrx_word' id='word_1_131' title='bbox 469 2743 535 2789; x_wconf 90' lang='lat' dir='ltr'>Dora</span> <span class='ocrx_word' id='word_1_132' title='bbox 546 2744 645 2802; x_wconf 86' lang='lat' dir='ltr'>Riparia</span> <span class='ocrx_word' id='word_1_133' title='bbox 661 2747 709 2790; x_wconf 82' lang='lat' dir='ltr'>sive</span> <span class='ocrx_word' id='word_1_134' title='bbox 727 2745 802 2790; x_wconf 88' lang='lat' dir='ltr'>Duria</span> <span class='ocrx_word' id='word_1_135' title='bbox 814 2747 892 2791; x_wconf 85' lang='lat' dir='ltr'>rniner</span> <span class='ocrx_word' id='word_1_136' title='bbox 910 2745 974 2791; x_wconf 80' lang='lat' dir='ltr'>aliis.</span> <span class='ocrx_word' id='word_1_137' title='bbox 1009 2758 1050 2789; x_wconf 82' lang='lat' dir='ltr'>enm</span> 
     </span>
     <span class='ocr_line' id='line_1_26' title="bbox 310 2811 1050 2874; baseline 0.005 -18"><span class='ocrx_word' id='word_1_138' title='bbox 310 2811 398 2857; x_wconf 80' lang='lat' dir='ltr'>duabus</span> <span class='ocrx_word' id='word_1_139' title='bbox 419 2815 565 2872; x_wconf 75' lang='lat' dir='ltr'>sequentibus</span> <span class='ocrx_word' id='word_1_140' title='bbox 591 2816 733 2874; x_wconf 68' lang='lat' dir='ltr'>contempnat</span> <span class='ocrx_word' id='word_1_141' title='bbox 755 2815 818 2862; x_wconf 80' lang='lat' dir='ltr'>ABG</span> <span class='ocrx_word' id='word_1_142' title='bbox 842 2819 876 2861; x_wconf 84' lang='lat' dir='ltr'>ita</span> <span class='ocrx_word' id='word_1_143' title='bbox 903 2817 1050 2862; x_wconf 87' lang='lat' dir='ltr'>duriastrura·</span> 
     </span>
     <span class='ocr_line' id='line_1_27' title="bbox 309 2885 1050 2944; baseline 0.001 -16"><span class='ocrx_word' id='word_1_144' title='bbox 309 2897 368 2942; x_wconf 84' lang='lat' dir='ltr'>orgo</span> <span class='ocrx_word' id='word_1_145' title='bbox 388 2885 415 2940; x_wconf 80' lang='lat' dir='ltr'>A,</span> <span class='ocrx_word' id='word_1_146' title='bbox 445 2885 638 2944; x_wconf 81' lang='lat' dir='ltr'>duriastursorgo</span> <span class='ocrx_word' id='word_1_147' title='bbox 656 2885 704 2931; x_wconf 79' lang='lat' dir='ltr'>BC.</span> <span class='ocrx_word' id='word_1_148' title='bbox 773 2888 803 2931; x_wconf 74' lang='lat'>12</span> <span class='ocrx_word' id='word_1_149' title='bbox 833 2886 917 2943; x_wconf 83' lang='lat' dir='ltr'>Stura}</span> <span class='ocrx_word' id='word_1_150' title='bbox 939 2889 1050 2932; x_wconf 69' lang='lat' dir='ltr'>nicetium</span> 
     </span>
     <span class='ocr_line' id='line_1_28' title="bbox 309 2953 1050 3016; baseline 0.004 -19"><span class='ocrx_word' id='word_1_151' title='bbox 309 2953 381 3011; x_wconf 65' lang='lat' dir='ltr'>Plias„</span> <span class='ocrx_word' id='word_1_152' title='bbox 395 2956 519 2999; x_wconf 76' lang='lat' dir='ltr'>etiamnum</span> <span class='ocrx_word' id='word_1_153' title='bbox 532 2954 614 3011; x_wconf 77' lang='lat' dir='ltr'>Stura3</span> <span class='ocrx_word' id='word_1_154' title='bbox 628 2961 705 3002; x_wconf 85' lang='lat' dir='ltr'>strura</span> <span class='ocrx_word' id='word_1_155' title='bbox 716 2958 745 3001; x_wconf 72' lang='lat' dir='ltr'>A.</span> <span class='ocrx_word' id='word_1_156' title='bbox 802 2960 832 3002; x_wconf 83' lang='lat'>13</span> <span class='ocrx_word' id='word_1_157' title='bbox 853 2957 931 3016; x_wconf 85' lang='lat' dir='ltr'>Orgol</span> <span class='ocrx_word' id='word_1_158' title='bbox 948 2958 971 3003; x_wconf 91' lang='lat' dir='ltr'>fl.</span> <span class='ocrx_word' id='word_1_159' title='bbox 984 2957 1050 3003; x_wconf 87' lang='lat' dir='ltr'>Orsus</span> 
     </span>
     <span class='ocr_line' id='line_1_29' title="bbox 314 3024 1049 3084; baseline 0 -16"><span class='ocrx_word' id='word_1_160' title='bbox 314 3024 377 3081; x_wconf 67' lang='lat' dir='ltr'>Tab„</span> <span class='ocrx_word' id='word_1_161' title='bbox 406 3024 473 3070; x_wconf 69' lang='lat' dir='ltr'>hodie</span> <span class='ocrx_word' id='word_1_162' title='bbox 497 3025 567 3072; x_wconf 87' lang='lat' dir='ltr'>Orco.</span> <span class='ocrx_word' id='word_1_163' title='bbox 652 3029 682 3072; x_wconf 80' lang='lat'>14</span> <span class='ocrx_word' id='word_1_164' title='bbox 710 3027 840 3084; x_wconf 81' lang='lat' dir='ltr'>Anralune]</span> <span class='ocrx_word' id='word_1_165' title='bbox 866 3028 933 3073; x_wconf 77' lang='lat' dir='ltr'>lodie</span> <span class='ocrx_word' id='word_1_166' title='bbox 955 3027 1049 3074; x_wconf 84' lang='lat' dir='ltr'>Malene.</span> 
     </span>
     <span class='ocr_line' id='line_1_30' title="bbox 312 3094 1049 3155; baseline 0.004 -17"><span class='ocrx_word' id='word_1_167' title='bbox 312 3094 342 3139; x_wconf 81' lang='lat'>15</span> <span class='ocrx_word' id='word_1_168' title='bbox 371 3096 447 3141; x_wconf 84' lang='lat' dir='ltr'>Duria</span> <span class='ocrx_word' id='word_1_169' title='bbox 465 3096 566 3142; x_wconf 85' lang='lat' dir='ltr'>Bautica</span> <span class='ocrx_word' id='word_1_170' title='bbox 584 3097 647 3153; x_wconf 80' lang='lat' dir='ltr'>editi,</span> <span class='ocrx_word' id='word_1_171' title='bbox 668 3099 823 3144; x_wconf 85' lang='lat' dir='ltr'>derabnutiea</span> <span class='ocrx_word' id='word_1_172' title='bbox 840 3097 869 3155; x_wconf 64' lang='lat' dir='ltr'>A}</span> <span class='ocrx_word' id='word_1_173' title='bbox 892 3099 958 3145; x_wconf 85' lang='lat' dir='ltr'>Dora</span> <span class='ocrx_word' id='word_1_174' title='bbox 974 3097 1049 3144; x_wconf 84' lang='lat' dir='ltr'>Baltea</span> 
     </span>
     <span class='ocr_line' id='line_1_31' title="bbox 309 3167 1047 3224; baseline 0.001 -14"><span class='ocrx_word' id='word_1_175' title='bbox 309 3167 356 3210; x_wconf 81' lang='lat' dir='ltr'>aive</span> <span class='ocrx_word' id='word_1_176' title='bbox 374 3167 448 3211; x_wconf 86' lang='lat' dir='ltr'>Duria</span> <span class='ocrx_word' id='word_1_177' title='bbox 467 3167 543 3212; x_wconf 87' lang='lat' dir='ltr'>maior</span> <span class='ocrx_word' id='word_1_178' title='bbox 565 3167 617 3212; x_wconf 83' lang='lat' dir='ltr'>alii.</span> <span class='ocrx_word' id='word_1_179' title='bbox 687 3171 716 3214; x_wconf 84' lang='lat'>16</span> <span class='ocrx_word' id='word_1_180' title='bbox 745 3169 838 3224; x_wconf 80' lang='lat' dir='ltr'>Sisidol</span> <span class='ocrx_word' id='word_1_181' title='bbox 864 3169 965 3216; x_wconf 84' lang='lat' dir='ltr'>Sessites</span> <span class='ocrx_word' id='word_1_182' title='bbox 985 3167 1047 3222; x_wconf 68' lang='lat' dir='ltr'>Plu„</span> 
     </span>
     <span class='ocr_line' id='line_1_32' title="bbox 310 3235 1048 3297; baseline 0 -16"><span class='ocrx_word' id='word_1_183' title='bbox 310 3235 377 3281; x_wconf 78' lang='lat' dir='ltr'>lodie</span> <span class='ocrx_word' id='word_1_184' title='bbox 396 3235 471 3282; x_wconf 84' lang='lat' dir='ltr'>Sasia.</span> <span class='ocrx_word' id='word_1_185' title='bbox 545 3239 575 3282; x_wconf 87' lang='lat'>17</span> <span class='ocrx_word' id='word_1_186' title='bbox 604 3239 711 3297; x_wconf 76' lang='lat' dir='ltr'>Agunia]</span> <span class='ocrx_word' id='word_1_187' title='bbox 736 3241 760 3284; x_wconf 89' lang='lat' dir='ltr'>fl.</span> <span class='ocrx_word' id='word_1_188' title='bbox 779 3239 886 3286; x_wconf 85' lang='lat' dir='ltr'>Novaria</span> <span class='ocrx_word' id='word_1_189' title='bbox 908 3241 970 3297; x_wconf 65' lang='lat' dir='ltr'>Tae„</span> <span class='ocrx_word' id='word_1_190' title='bbox 995 3251 1048 3284; x_wconf 79' lang='lat' dir='ltr'>nunc</span> 
     </span>
     <span class='ocr_line' id='line_1_33' title="bbox 309 3307 659 3365; baseline 0.006 -14"><span class='ocrx_word' id='word_1_191' title='bbox 309 3307 410 3365; x_wconf 74' lang='lat' dir='ltr'>Agogna</span> <span class='ocrx_word' id='word_1_192' title='bbox 427 3321 504 3365; x_wconf 79' lang='lat' dir='ltr'>prope</span> <span class='ocrx_word' id='word_1_193' title='bbox 521 3309 659 3355; x_wconf 83' lang='lat' dir='ltr'>Novariam.</span> 
     </span>
    </p>
   </div>
   <div class='ocr_carea' id='block_1_7' title="bbox 0 0 1110 3834">
    <p class='ocr_par' dir='ltr' id='par_1_10' title="bbox 0 0 1110 3834">
     <span class='ocr_line' id='line_1_34' title="bbox 0 0 1110 3834; baseline 0 1"><span class='ocrx_word' id='word_1_194' title='bbox 0 0 1110 3834; x_wconf 95' lang='lat' dir='ltr'> </span> 
     </span>
    </p>
   </div>
  </div>
 </body>
</html>
