2234 3842
246 319 299 374 54⁶
320 291 325 300 ἱ
917 333 992 370 ormo
1010 323 1049 368 119

264 490 278 534 1
314 466 435 550 patriae
457 465 729 552 reoiprooabiliter
745 466 901 532 varietate
918 465 1051 553 designa·
1099 495 1100 500 ¹

263 591 278 636 2
314 570 431 652 verim,
466 568 543 634 dum
575 569 835 655 quandoquidem
868 592 949 654 quae
974 571 1052 634 iuxta

263 694 278 740 2
315 669 513 754 Oooeanum‚
536 672 709 758 aliquando
733 696 814 758 quae
837 673 881 740 ad
897 697 981 739 mare
994 696 1051 738 ma·

262 798 278 842 1
315 797 414 861 gnum
442 777 619 858 nominavi,
652 777 728 842 hino
754 778 807 842 vei
834 775 909 842 inda
937 797 1051 842 sumens

263 899 276 946 o
312 879 478 964 principia.
524 881 609 944 enim
629 903 695 945 non
712 871 900 966 ignoranter
920 879 1051 964 sedpru-
1099 939 1100 948 2

262 1004 276 1048 e
315 980 429 1046 denter
450 983 552 1068 magis
574 992 703 1070 gestum
723 991 782 1048 est.
827 1007 904 1048 nam
918 983 992 1048 dum
1005 991 1051 1046 aut
1099 1037 1100 1056 t

262 1107 276 1150 7
312 1085 353 1150 ab
370 1083 522 1152 Oooeano
542 1096 598 1151 aut
619 1110 638 1151 a
659 1088 736 1174 iuga
756 1088 915 1152 montium
934 1086 1050 1150 inchoa·
1099 1103 1100 1166 †

261 1209 276 1254 8
312 1196 364 1254 tae
387 1198 473 1270 sunt,
502 1188 722 1256 ordinabiliter
743 1213 825 1274 quae
846 1189 888 1255 ab
912 1187 1049 1256 Oooeano
1099 1273 1100 1282 ἵ

261 1313 275 1356 e
311 1289 354 1355 ad
382 1293 458 1379 iuga
487 1301 519 1356 et
547 1315 629 1376 quae
658 1318 678 1358 a
705 1295 790 1381 iugis
819 1292 861 1358 ad
889 1316 974 1358 mare
994 1315 1051 1356 ma·

244 1415 275 1460 11
312 1419 412 1482 gnum
450 1398 650 1482 pertimere,
685 1420 876 1480 rursumque
916 1398 1053 1462 reiterata
1099 1447 1100 1492 3

245 1517 273 1564 11
310 1500 429 1565 vicinia
450 1524 470 1564 a
491 1503 571 1566 mari
592 1524 710 1588 magno
731 1500 774 1566 ad
795 1502 873 1587 iuga
894 1510 928 1566 et
946 1499 1052 1585 aingie
1099 1501 1100 1530 ³

243 1621 274 1666 12
311 1601 353 1666 ad
376 1601 563 1669 Ocoeanum
592 1625 665 1668 oum
692 1604 797 1688 patria
818 1604 871 1668 vol
899 1603 1053 1688 provincia
1099 1651 1100 1654 ¹

242 1725 274 1771 12
312 1727 438 1789 quaque
466 1715 655 1791 perventum
683 1717 742 1772 eet.
799 1716 831 1773 et
859 1715 897 1772 ut
924 1705 1053 1772 multilo·
1099 1729 1100 1800 }

242 1833 274 1877 14
311 1810 422 1892 quium
443 1813 571 1876 nomine
592 1812 770 1893 incurram,
798 1813 826 1878 ei
854 1833 983 1876 sensum
1002 1809 1052 1873 fla·
1099 1877 1100 1880 ,

242 1934 273 1980 15
309 1913 374 1999 gilo
403 1937 493 1979 mens
519 1915 642 1980 variata
670 1923 726 1978 aut
750 1915 882 1979 levitate
905 1913 1052 1998 depressit

242 2038 273 2083 16
309 2023 346 2080 ut
368 2040 388 2080 a
408 2018 544 2104 praelati
571 2019 748 2082 instructus
773 2017 972 2103 philosophis
992 2039 1051 2080 rem

242 2141 272 2187 17
310 2119 361 2182 vel
384 2122 550 2186 materiam
570 2123 628 2186 tali
643 2144 715 2186 eum
729 2121 856 2185 tramite
870 2127 1050 2205 prosecutus

241 2245 272 2290 18
309 2221 500 2290 menbratim
537 2225 764 2308 inmunemque
803 2221 934 2290 Christo
971 2222 1050 2288 adiu·

241 2349 272 2392 19
308 2335 415 2409 vante,
438 2337 470 2394 et
493 2351 589 2412 quam
612 2350 651 2392 ex
672 2337 764 2413 parte
786 2351 890 2412 quove
912 2329 947 2392 in
960 2329 1049 2392 latere
1099 2315 1100 2392 s

240 2451 272 2497 2ο
309 2452 366 2494 eeu
390 2433 494 2516 capite
524 2433 619 2496 sitam
643 2431 808 2516 proferens
831 2455 929 2496 unam
951 2431 990 2496 ab
1012 2431 1049 2495 al·
1099 2487 1100 2494 ,

239 2555 270 2600 21
308 2541 387 2616 tera,
410 2537 473 2600 nisi
487 2536 570 2600 forte
591 2555 678 2599 nune
692 2535 874 2600 incursione
889 2536 942 2599 vel
956 2545 1048 2600 trans·
1099 2531 1100 2612 j

239 2661 271 2706 22
308 2639 483 2704 mutatione
506 2663 594 2704 more
621 2637 789 2704 barbarico
811 2633 904 2704 aliter
925 2661 1047 2704 numou·

238 2766 269 2811 23
306 2749 433 2828 pentur.
1099 2747 1100 2750 ’

309 2874 502 2957 (Sequuntur
535 2885 685 2958 eaoerpto
715 2897 755 2938 ea
783 2877 911 2939 Isidoro
940 2877 1044 2957 Hispo
1099 2841 1100 2872 i

628 2978 735 3061 lensi.)

340 3137 413 3182 codor
431 3137 452 3182 h.
751 3136 784 3197 of.
797 3139 856 3182 Rov.
869 3137 919 3182 384
939 3139 971 3183 11
984 3153 1015 3198 eq.

307 3223 320 3268 5
349 3226 488 3282 ignorantur
507 3223 528 3268 b.
602 3221 633 3268 14
661 3225 769 3280 nomine}
785 3227 865 3282 potiar
882 3226 987 3272 minime.
