2198 3840
224 337 276 388 454
929 349 1001 384 aviac
1016 338 1027 382 7

246 508 259 552 1
297 483 392 548 litora
412 481 570 568 praedicti
588 482 677 548 sinus
699 481 795 546 maris
813 480 970 547 Adriatici
987 505 1032 547 us·

245 612 259 656 a
298 608 359 670 que
382 584 424 649 ad
446 586 608 670 expletum
635 594 775 650 tractum
796 585 897 650 totius
919 586 1032 672 provin·

245 716 259 758 a
297 689 365 752 ciae
387 687 540 753 Histriae.

244 816 260 858 4
331 793 362 859 7.
407 792 519 856 Tertia
544 814 621 858 vero
649 793 723 857 finis
745 789 859 856 Italiae
890 801 939 857 est
958 813 1033 856 mare

246 918 259 964 s
297 893 471 978 Gallicum,
493 895 581 979 quod
602 902 636 961 et
655 895 870 982 Tyrrhenum,
890 895 1034 980 incipieus

246 1022 260 1066 6
297 1022 317 1063 a
338 997 511 1083 praedictis
533 997 696 1064 montibus
718 999 773 1082 qui
794 997 944 1063 dividunt
963 999 1035 1062 inter

246 1125 260 1168 ⁷
297 1102 459 1168 civitatem
475 1101 724 1188 Vigintimilium
752 1111 785 1166 et
806 1101 946 1166 Niceam
968 1101 1035 1166 civi·

246 1227 261 1270 s
297 1213 397 1270 tatem
424 1207 608 1290 provinciae
635 1203 870 1290 Septimiae,
904 1215 936 1270 ct
963 1204 1035 1269 desi·

247 1329 261 1374 9
297 1309 434 1374 neusin
462 1318 635 1395 angustum
655 1310 773 1374 fretum
795 1308 894 1395 Regii
919 1309 1035 1394 provin·

231 1432 261 1476 ιο
298 1412 367 1476 ciae
389 1409 567 1478 Calabriae.
611 1412 699 1497 quod
719 1414 837 1478 fretum
860 1411 975 1477 dividit
993 1409 1037 1477 Si-

230 1535 260 1580 11
299 1514 406 1580 ailiam
420 1515 559 1581 insulam
574 1515 613 1581 ab
629 1514 735 1598 Italia,
758 1538 840 1600 quae
854 1517 944 1601 prius
958 1516 1037 1580 unita

231 1639 262 1684 rr
299 1618 344 1699 ei,
373 1629 410 1684 ut
432 1617 592 1686 Salustius
614 1621 729 1701 refert,
757 1620 880 1701 fuerat,
908 1618 1036 1684 undeet

230 1743 261 1788 13
299 1722 362 1786 alio
391 1723 425 1787 in
451 1723 524 1788 loco
550 1746 615 1788 una
641 1723 880 1808 provinciarum
902 1724 968 1788 eius
988 1744 1037 1807 po·

230 1845 263 1890 14
298 1824 395 1889 nitur.

231 1947 262 1992 15
331 1926 363 1994 8.
411 1927 536 2010 Quarta
558 1938 665 1995 autem
686 1929 759 1994 finis
781 1928 896 1995 Italiae
912 1929 1038 1996 litoralia

231 2050 262 2094 rs
299 2031 402 2098 Ionici
413 2034 521 2116 maris,
537 2031 733 2120 apraedicta
743 2034 873 2098 civitate
885 2033 986 2120 Regio
996 2033 1037 2096 in-
1091 2091 1092 2098 ,

231 2153 261 2200 17
299 2136 465 2220 cipiantes‚
488 2147 621 2203 extensa
641 2159 769 2222 perora
784 2137 873 2202 sinus
888 2135 1037 2202 Adriatici

334 2350 425 2398 codices
443 2349 515 2412 bfmr.
759 2350 793 2412 cf.
805 2353 865 2398 Rau.
879 2351 930 2398 293
948 2352 1006 2410 9sq.

301 2457 310 2500 1
334 2456 409 2512 sinus]
426 2457 487 2504 finus
505 2472 534 2502 m.
555 2457 564 2503 ll
581 2457 653 2504 maris
664 2459 774 2503 omittunt
785 2472 830 2503 mr.
868 2459 882 2504 3
902 2456 987 2517 hystrie
998 2469 1034 2500 sar.

300 2526 314 2572 t
334 2526 436 2572 tirenum
448 2542 470 2585 r,
489 2529 608 2574 thirenum
620 2542 651 2574 m.
706 2530 720 2574 6
739 2528 879 2587 praedictis]
892 2527 987 2587 prefatis
997 2539 1035 2570 mr.

301 2597 333 2642 12
361 2603 389 2642 ut
412 2596 531 2644 Salustius
553 2599 637 2655 refert]
661 2604 705 2658 „ut
727 2600 800 2644 ctiam
823 2597 952 2645 Sallustius
974 2597 1035 2642 dicit:

298 2666 385 2714 Italiac
403 2665 512 2716 Siciliam
529 2670 682 2716 coniunctam
705 2674 799 2716 constat
816 2669 908 2716 fuissa“
930 2669 993 2715 Sasu.
1009 2664 1038 2711 ad

298 2738 356 2783 Aea.
375 2737 391 2783 3
410 2739 475 2796 4145
502 2740 606 2796 „fretum
630 2737 728 2786 Siciliae
751 2740 816 2798 quod
837 2740 939 2799 Regium
961 2738 1037 2785 dicitur

299 2806 419 2854 Salustius
442 2825 473 2856 ex
491 2809 534 2856 tali
556 2823 628 2856 causa
645 2811 727 2856 vocari
745 2811 840 2865 scribit,
865 2811 945 2857 dicens
962 2807 1036 2854 Italiac

299 2878 356 2924 clim
369 2877 477 2926 Siciliam
495 2881 648 2926 coniunctam
665 2880 755 2926 fuisse⁴⁴
774 2877 1036 2941 Iaidcr.cri9.1318‚·
1091 2877 1092 2880 ’

300 2947 435 3003 „Salustius
461 2957 546 2998 autem'
569 2951 628 2996 dicit
653 2949 738 2997 Italiac
765 2951 918 2998 coniunctam
941 2949 1035 2998 Siciliam

297 3019 387 3066 fuisse‘
405 3021 492 3068 Isidcr.
511 3023 573 3082 cuiq.
592 3020 625 3066 14
646 3021 675 3078 6,-
694 3035 766 3077 „uam
779 3021 838 3067 clim
850 3023 910 3068 dicit
921 3020 1036 3070 Sallustius

298 3089 394 3136 Italiam
417 3089 514 3140 Siciliae
536 3093 642 3138 iunctam
664 3092 754 3138 fuisse“
788 3092 901 3139 Luctum.
924 3089 1035 3152 (laetat.)

299 3160 332 3205 ad
349 3161 423 3207 Statii
444 3161 554 3208 Thebaid.
572 3161 589 3208 3
607 3162 659 3208 596
677 3164 736 3209 597.
794 3165 825 3209 13
845 3163 894 3210 alic
912 3165 945 3220 iul
963 3159 1035 3209 inuio

299 3231 325 3276 in
344 3230 365 3275 b.
423 3234 452 3278 15
481 3233 554 3280 litora
570 3247 616 3278 mr.
675 3235 705 3280 17
735 3239 835 3281 extensa
851 3248 895 3294 per
912 3248 954 3282 cra
969 3231 1033 3285 sinutl

299 3307 393 3346 arteusa
411 3317 453 3361 par
471 3304 531 3351 bora
549 3303 599 3350 licis
617 3301 638 3359 f.
