2314 3840
109 279 160 325 16
906 272 941 324 15

133 447 146 490 1
186 419 379 501 ostenditur,
408 421 492 484 sicut
513 420 568 484 hic
595 427 733 484 testatur
761 418 839 482 mihi
867 441 941 484 san-

131 549 146 594 2
187 533 260 588 ctus
289 523 489 588 Athanasius
516 521 734 587 Aiexaudriae
770 523 940 607 episcopus

132 654 147 698 3
187 626 229 691 ab
256 627 421 691 Antiocho
449 625 627 709 exquisitus
654 625 802 710 praeside
830 623 941 689 dicens

131 758 148 803 4
190 730 403 812 „testificatur
423 729 502 794 mihi
525 738 638 792 sancta
653 729 812 814 scriptura
829 727 940 792 dicens

131 863 146 907 5
188 831 276 916 quod
297 833 455 917 plantavit
477 831 557 896 deus
579 831 764 916 paradisum
790 833 824 895 in
846 830 940 896 Eden

132 967 147 1011 6
187 933 231 1000 ad
247 932 428 1001 Orientem:
452 933 548 1000 docet
570 937 655 999 enim
671 957 730 999 nos
747 935 823 1018 quia
836 935 870 998 in
886 958 941 999 ex-

133 1069 147 1112 7
187 1049 291 1103 trema
306 1036 449 1104 Orientis
463 1040 563 1103 totius
578 1048 682 1102 terrae
698 1047 748 1102 est
761 1037 940 1123 paradisus.

133 1171 148 1216 s
191 1165 289 1227 quam
311 1142 353 1207 ob
376 1165 444 1206 rem
466 1143 557 1206 aiunt
586 1140 717 1225 quidam
739 1140 941 1206 disertissimi

134 1275 149 1318 9
188 1244 438 1332 historiographi
460 1245 611 1328 quoniam
632 1252 802 1329 propterea
825 1251 942 1308 cuncta

116 1377 149 1422 10
188 1349 409 1414 ambrosiiiera
424 1349 603 1435 gignuntur
625 1347 710 1412 sicut
724 1349 871 1432 proxima
884 1371 941 1433 pa-

114 1484 147 1528 11
187 1453 287 1518 radisi
314 1452 424 1517 existit
449 1452 626 1536 provincia.
676 1459 708 1514 et
736 1450 942 1535 quemadmo-

115 1585 148 1630 12
188 1556 266 1620 dum
287 1557 412 1644 palmae
435 1555 570 1620 masculi
592 1555 737 1640 proxime
762 1556 941 1620 vicinantes

114 1689 147 1734 13
187 1661 324 1725 ieminas
345 1659 468 1745 palmas
491 1681 549 1743 per
577 1658 803 1742 aspirationem
829 1665 942 1722 vento-

114 1790 148 1836 14
187 1788 259 1828 rum
280 1763 474 1828 fructificare
497 1761 631 1842 iaciunt,
660 1761 706 1825 ita
727 1761 879 1826 videlicet
901 1784 942 1825 ex

114 1891 148 1936 15
186 1866 336 1953 paradiso
357 1873 525 1930 ventorum
546 1863 676 1929 flatibus
696 1864 837 1951 flagrans
857 1865 942 1949 aspi·

113 1995 147 2040 16
189 1971 272 2036 ratio
298 1969 508 2033 vicinantium
538 1966 600 2031 sibi
634 1968 780 2032 locorum
809 1966 940 2032 arbores

113 2099 148 2143 17
190 2081 332 2138 aromata
354 2073 487 2158 gignere
510 2070 619 2135 facit.“

113 2203 148 2247 18
232 2176 376 2258 Taleque
398 2174 617 2238 testimouium
639 2173 726 2258 quod
748 2174 817 2259 ipse
833 2174 942 2238 existit

187 2391 203 2436 1
230 2391 337 2436 ostendit
347 2391 376 2448 A,
394 2390 547 2436 hostenditur
556 2390 587 2435 B.
607 2389 617 2436 ΙΙ
641 2389 701 2436 mihi
719 2379 824 2444 sanctus}
843 2388 868 2434 in
886 2401 940 2434 sau-

186 2461 232 2508 ctis
250 2461 314 2508 aditi.
388 2462 402 2508 2
430 2461 574 2508 athanuxius
591 2459 621 2504 B.
695 2460 710 2506 3
738 2458 871 2516 exquisivit
889 2459 939 2504 AB.

185 2533 290 2578 {idicens
308 2532 395 2578 om.A.
468 2531 482 2577 5
510 2531 536 2576 in
553 2529 631 2586 Eden]
651 2531 743 2574 in⁰dem
760 2529 790 2574 A.
859 2529 874 2573 7
902 2534 940 2574 to-

187 2603 239 2648 cius
256 2603 286 2648 B.
305 2603 316 2648 ΙΙ
334 2602 467 2662 paradysus
478 2602 505 2646 A.
563 2603 576 2646 a
605 2600 774 2659 istoriographi
790 2599 819 2657 A,
837 2599 941 2657 ystorio-

187 2674 273 2734 graphi
285 2674 316 2719 B.
360 2674 391 2720 10
411 2671 618 2728 ambroxiiseraB,
637 2676 770 2716 aromatum
779 2683 867 2730 genera
877 2669 940 2716 editi.

187 2745 198 2789 11
211 2749 268 2802 port
285 2744 415 2802 gignuntur
427 2742 484 2788 editi
496 2741 587 2787 addant
599 2743 623 2787 in
636 2741 714 2799 Magis
727 2739 883 2786 orientalibus
894 2722 950 2785 hocs

188 2819 225 2860 est
242 2813 332 2860 Indicis
348 2813 465 2873 partibus,
484 2819 577 2870 sumpta
595 2813 728 2870 capraccia
739 2811 865 2856 Athanasii
883 2813 941 2877 περὶ

188 2883 225 2948 'coi
236 2880 446 2951 ἀνατολιιώτερα
454 2877 533 2947 ἤγουν
543 2885 579 2932 τὰ
588 2877 684 2932 Ἰνδικὰ
696 2883 767 2947 μέρη,
780 2881 868 2927 Attae.
883 2880 941 2939 Ope-

187 2955 277 3000 famil
281 2969 306 3012 p.
315 2954 383 3000 2281
394 2954 569 3000 Patavii1777
576 2951 628 3012 fot.
652 2952 661 2997 ΙΙ
682 2952 753 2998 sicuti
762 2952 790 2996 A.
836 2952 866 2996 11
886 2965 942 3011 pro-

188 3026 266 3071 uintia
276 3025 306 3070 Β.
355 3025 387 3070 12
410 3023 510 3070 masculi
521 3025 640 3082 proximet
653 3021 754 3070 maximi
765 3024 878 3080 proxima
888 3023 940 3068 AB.

185 3097 223 3141 it
249 3094 342 3154 palmas
360 3097 442 3140 omit.
462 3095 472 3139 t
490 3095 678 3153 adspirationem
698 3092 771 3140 oron.
782 3092 806 3138 2.
848 3093 880 3137 14
906 3093 941 3138 ia-

190 3167 263 3222 ciunt}
281 3167 392 3212 nesciunt
402 3159 431 3211 Ass
501 3167 531 3212 15
560 3165 671 3224 flagrans]
683 3177 715 3208 aa
727 3159 852 3222 fragrans?
870 3163 879 3207 ΙΙ
899 3163 940 3208 ad-

191 3238 288 3296 spiratio
308 3236 412 3282 Groa.2.
467 3238 498 3282 17
517 3235 713 3282 faciuntBediti.
768 3234 800 3280 18
820 3233 903 3279 extitit
911 3235 940 3278 A.
