2210 3834
50 275 95 322 72

64 444 74 487 1
258 420 373 488 Castro
395 447 479 487 novo

62 546 74 590 a
257 524 395 591 Centum
419 527 508 591 cellis

62 649 74 694 a
254 630 395 695 Minium

61 753 74 796 4
255 733 443 798 Tuvellaria

61 855 73 902 6
255 834 414 902 Gravisca

61 962 73 1007 a
253 939 386 1005 Martha

60 1066 72 1110 7

59 1167 71 1211 a

59 1272 71 1315 9

252 1043 374 1108 Forum
396 1045 522 1109 Aurelii

253 1146 411 1212 Armenta

253 1249 310 1314 Ad
331 1274 432 1317 novas

44 1373 71 1418 10
252 1351 401 1421 Saturnio

43 1477 69 1521 11
251 1455 396 1524 Succosa

44 1581 71 1626 12
253 1558 339 1628 Cosa

5 1719 6 1724 ,
43 1685 71 1730 13
250 1664 386 1730 Portum

43 1791 72 1836 14
251 1767 388 1834 Albinia
430 1823 434 1832 .

3 1953 4 1958 η
42 1895 71 1941 16
250 1871 424 1938 Telamone

42 1999 71 2046 16
249 1975 335 2040 Asta

42 2105 70 2150 17
248 2079 415 2146 Umbrone

104 2267 116 2313 1
129 2265 287 2316 castronovo
300 2272 370 2315 atium
380 2269 431 2316 267
443 2270 467 2326 2,
481 2274 584 2316 castrum
595 2281 684 2314 novum
695 2269 723 2314 G.
760 2270 774 2314 2
789 2269 851 2318 Oen·

101 2343 150 2384 tum
164 2339 231 2385 cellia
250 2343 320 2386 etiam
333 2340 384 2386 267
402 2341 418 2386 3
432 2347 454 2386 at
467 2340 494 2398 G,
513 2339 652 2386 centucellis
663 2339 714 2385 AB.
770 2342 784 2386 3
803 2341 851 2387 Mi-

100 2409 165 2455 nium
183 2406 254 2456 etium
273 2411 324 2458 267
343 2412 367 2469 4,
393 2412 500 2458 manium
519 2411 546 2456 G.
618 2411 634 2456 4
662 2409 763 2457 tuvelari
790 2409 850 2458 Cat

100 2479 193 2538 2675,
217 2481 329 2528 tuellaria
342 2483 398 2538 AB,
419 2482 555 2528 Tabellaria
575 2481 638 2526 editt.
695 2481 708 2527 5
735 2480 850 2528 Grauisca

97 2554 166 2598 etiam
180 2552 232 2597 267
252 2553 302 2598 Get
316 2552 342 2608 G,
363 2553 471 2599 oravisoa
482 2554 525 2598 AB
536 2553 600 2598 editi.
639 2553 652 2597 6
671 2552 768 2598 Martha
780 2556 850 2598 etiam

99 2623 148 2669 267
168 2626 192 2669 7.
266 2627 279 2671 7
304 2624 390 2669 Forum
409 2622 501 2669 Aurelii
519 2626 589 2670 etiam
602 2621 653 2668 267
672 2623 688 2668 8
707 2629 729 2668 et
750 2622 777 2680 G,
796 2624 848 2670 loro

98 2695 181 2741 aurelii
199 2694 243 2740 ΑΒ
262 2695 326 2740 editi.
371 2696 386 2740 8
413 2694 528 2740 Armenta
546 2695 616 2739 etium
635 2694 686 2740 267
707 2693 729 2739 9.
777 2693 849 2740 aad

96 2779 171 2812 novas
183 2768 254 2811 ettam
264 2766 314 2811 267
328 2766 361 2810 10
374 2771 397 2810 et
408 2765 459 2811 285
479 2767 503 2822 1,
522 2779 599 2811 nouas
609 2765 651 2811 AB
664 2765 728 2821 editi,
741 2777 806 2811 nora
819 2765 846 2810 G.

99 2837 129 2881 10
158 2837 266 2883 saturnia
295 2837 315 2883 G
340 2836 398 2882 editi
419 2843 446 2882 ut
461 2836 517 2881 Τα6.
590 2837 620 2881 11
651 2835 758 2883 Succosa
778 2838 848 2882 etiam

98 2907 214 2965 26711,
242 2908 345 2954 aubooaa
363 2907 414 2952 AB.
494 2907 524 2952 12
553 2905 617 2953 Cosa
642 2910 713 2952 etiam
735 2905 848 2953 26712.

98 2980 129 3028 16
157 2980 189 3025 ad
216 2985 317 3037 pontum
347 2976 370 3034 0,
407 2978 446 3024 ad
473 2985 569 3037 portum
597 2976 696 3025 Coaaam
727 2976 778 3022 267
805 2978 848 3025 13.

98 3049 129 3095 14
157 3049 242 3095 albilia
271 3047 290 3096 0
314 3055 341 3094 at
362 3049 474 3098 26714,
558 3049 589 3095 16
621 3047 750 3095 Telamona
778 3051 848 3095 otium

96 3119 208 3176 26715,
245 3119 374 3166 tellumone
400 3120 423 3175 0,
460 3119 592 3166 telamonio
614 3119 642 3176 Α,
678 3118 800 3166 telamone
820 3120 848 3166 G.

97 3193 127 3237 16
150 3190 212 3238 Asta
230 3193 300 3236 otiam
319 3191 370 3236 268
390 3192 413 3236 1.
471 3193 502 3236 17
527 3189 650 3237 Umbrone
668 3191 738 3236 etiam
751 3191 802 3238 268
822 3192 846 3249 2,

92 3261 210 3309 ambrona
229 3261 257 3313 G.
