2242 3838
238 323 291 375 2⁰0
968 318 1004 366 lv
1025 321 1056 365 ll

259 495 269 538 1
308 471 373 557 legi
387 469 608 534 Ptolomaeum
630 489 739 554 regem
759 465 997 552 Aegyptiorum
1021 490 1061 530 ex

257 596 272 641 a
309 575 408 658 stirpe
431 570 667 652 Macedonum,
697 569 755 634 sed
783 578 816 634 et
836 571 1063 655 praenomina-

258 695 272 740 3
309 687 378 741 tum
400 676 505 762 Hylas
534 683 630 757 atque
653 671 846 739 Sardonium
875 682 907 738 et
932 673 1063 759 praedi-

258 799 274 843 4
311 789 398 844 ctum
434 778 657 844 Aristarchum
685 776 885 844 Graecorum
918 777 1064 863 philoso-

260 903 273 948 5
310 883 408 969 ph0s3
455 883 513 950 sed
552 906 612 970 ego
651 881 828 947 secundum
866 881 1064 948 Sardonium

259 1007 273 1050 c
310 987 413 1072 ipsam
423 985 648 1054 Sarmatonum
658 986 794 1070 patriam
805 985 956 1076 indicavi:
985 995 1065 1070 post

260 1109 273 1153 7
311 1112 406 1174 quam
421 1091 558 1176 patriam
573 1087 725 1155 Oceanus
746 1088 972 1174 innavigabilis
990 1112 1063 1154 esse

259 1212 274 1256 s
311 1193 492 1258 ascribitur.
538 1217 577 1256 ex
597 1193 687 1257 cuius
703 1191 880 1258 Sarmatiae
897 1191 1065 1257 montibus

259 1316 273 1360 a
311 1306 429 1363 exeunt
443 1298 580 1384 plurima
594 1295 736 1378 flumina,
756 1297 840 1359 inter
856 1304 963 1360 cetera
977 1320 1065 1361 unus

243 1417 274 1462 1⁰
311 1401 429 1468 fluvius
458 1399 605 1487 procedit
630 1400 664 1464 in
696 1397 828 1464 Oceano
862 1399 917 1483 qui
943 1397 1067 1464 dicitur

243 1521 273 1566 11
311 1505 451 1592 Bangis,
478 1512 512 1568 et
542 1504 622 1568 alius
645 1503 733 1568 venit
761 1502 852 1586 quasi
874 1501 916 1566 ad
935 1513 1066 1588 partem

243 1625 274 1670 12
311 1608 467 1693 Danubii,
492 1609 548 1691 qui
572 1607 699 1671 dicitur
712 1606 853 1692 Appion.

244 1729 275 1774 ra
356 1711 439 1778 Item
451 1711 618 1776 confinalis
630 1709 773 1774 eiusdem
783 1707 961 1775 Sarmatiae
972 1711 1067 1774 iuxta

244 1833 276 1878 14
313 1804 481 1882 Oceanum
495 1815 625 1901 ponitur
638 1814 743 1897 patria
759 1835 839 1897 quae
856 1810 1066 1900 diciturScy-

244 1929 275 1976 15
311 1918 390 2000 thia,
413 1941 494 2002 quae
518 1918 646 1982 omnino
662 1926 796 1982 actuosa
809 1916 928 1980 existit.
966 1939 1066 2000 quam

245 2035 275 2079 rs
311 2021 448 2106 patriam
464 2043 561 2106 supra
575 2005 728 2106 scriptam
743 2019 982 2106 descripserunt
991 2021 1067 2105 phi·
1116 2011 1118 2022 ⁴

245 2137 275 2182 17
312 2125 438 2210 losophi
465 2125 520 2209 qui
550 2132 582 2189 et
604 2121 810 2202 Sarmatiam3
841 2122 899 2188 sed
926 2146 987 2209 ego
1014 2147 1066 2190 se·

316 2316 326 2359 1
341 2312 521 2373 ptholomaeum
533 2313 557 2372 0,
567 2313 716 2360 Ptolomeum
726 2313 791 2358 editi.
822 2313 834 2358 1
855 2313 870 2358 2
890 2325 922 2358 ex
930 2317 1002 2373 tyrpa
1011 2314 1064 2370 AB,

312 2391 413 2444 extype
434 2383 458 2430 O.
507 2386 521 2431 8
540 2385 594 2445 ylas
606 2385 634 2430 Α.
680 2383 884 2430 taristrarchum
901 2384 930 2429 A.
973 2383 988 2428 5
1010 2383 1067 2431 Sar-

228 2508 230 2511 ¹
313 2455 422 2512 doniam]
443 2455 480 2501 bic
499 2455 591 2501 accedit
609 2453 692 2500 Gaidc.
748 2457 762 2500 6
790 2459 940 2500 sarmctanus
957 2454 988 2511 B,
1009 2454 1066 2502 Sar-

312 2527 426 2572 matantis
445 2526 509 2584 editt,
539 2525 701 2572 sarmatorum
720 2525 771 2570 199
791 2525 833 2570 14.
860 2525 869 2570 ΙΙ
895 2525 1020 2572 nominavi
1041 2526 1065 2572 0.

315 2598 328 2641 7
347 2597 489 2656 patriaAB.
517 2597 526 2642 ΙΙ
552 2611 694 2643 oceunorum
711 2597 762 2653 AB,
782 2601 888 2642 occeanfi
908 2594 932 2642 G.
960 2595 970 2640 ΙΙ
995 2598 1067 2643 inna-

311 2667 442 2727 vigabilem
462 2665 486 2713 0.
542 2669 556 2714 8
576 2667 720 2712 adscribitur
738 2667 802 2713 editi.
859 2667 872 2712 9
892 2681 954 2713 unus
967 2667 1065 2724 fluvius]

312 2752 386 2783 unum
398 2739 442 2783 AB
454 2738 518 2784 editt.
574 2739 604 2784 10
623 2739 733 2796 procedit
741 2753 786 2783 om.
795 2736 882 2784 Paret.
901 2737 911 2783 ΙΙ
927 2737 953 2784 in
963 2746 1012 2784 oca
1023 2739 1067 2784 ΑΒ

313 2809 377 2854 editt.
405 2808 414 2854 ΙΙ
440 2807 537 2854 Oceano
550 2823 595 2854 om.
609 2807 693 2857 Por-ct.
714 2809 723 2854 ΙΙ
741 2811 794 2868 quil
808 2812 833 2854 at
847 2806 870 2866 0,
884 2809 950 2866 quod
964 2810 985 2854 Α
1000 2809 1065 2856 aditi.

315 2879 345 2924 11
374 2879 464 2938 hangio
489 2878 517 2936 0,
545 2879 625 2938 raugia
645 2878 677 2936 G,
705 2880 784 2939 Buges
806 2877 888 2925 ptiar
913 2879 955 2925 aad
979 2881 1066 2926 aava

315 2951 440 3008 „procedit
463 2949 585 2996 Oceano“.
613 2949 622 2994 ΙΙ
653 2949 719 2996 aliud
741 2951 786 2996 AB
809 2949 873 2996 editi.
949 2951 981 2996 12
1011 2953 1065 3009 qui}

314 3033 359 3078 que
384 3019 408 3078 Ο,
439 3022 503 3079 quod
525 3023 545 3066 A
570 3019 634 3066 editi.
670 3020 680 3066 ΙΙ
714 3022 786 3080 apion
811 3019 843 3078 G,
873 3019 927 3079 Apo
952 3021 978 3066 fl.
1010 3022 1067 3068 ch.

316 3091 347 3135 13
376 3091 452 3138 eidem
471 3092 535 3137 aditi.
592 3092 623 3136 14
651 3091 725 3138 sithia
749 3092 801 3137 AB.
827 3111 829 3124 v
857 3091 888 3137 15
917 3097 1018 3138 astuosa
1036 3093 1065 3149 B,

259 3158 261 3161 ’
314 3166 425 3208 aestuosa
447 3161 515 3220 editt,
542 3163 658 3209 harenosa
683 3162 715 3220 G,
744 3160 843 3222 cf.168
862 3161 886 3219 d,
912 3161 954 3208 aba·
979 3162 1066 3225 leyirar

314 3231 459 3292 Scythia..
478 3247 592 3280 sremosa.
649 3234 680 3279 16
709 3247 754 3293 sup
772 3233 847 3293 script
866 3231 890 3280 O.
949 3235 981 3280 17
1009 3235 1063 3292 qui]

315 3316 361 3361 que
378 3303 429 3360 ΑΒ,
459 3305 515 3363 quia
535 3303 558 3350 0.
