2198 3840
240 329 294 383 456
926 345 998 380 subo
1014 337 1040 380 11

261 503 273 547 1
312 499 393 560 cam,
414 474 470 542 ubi
491 477 669 558 minimum,
697 486 826 543 uentum
847 479 976 566 triginta
993 501 1041 543 aex

259 605 274 652 a
310 580 407 646 milia.
465 580 625 646 artissima
657 589 708 646 est
736 580 778 646 ad
805 591 933 666 portum
961 603 1043 666 quem

259 710 273 756 a
312 681 427 749 Castra
454 683 568 750 diount
596 683 806 750 Hannibalis:
840 708 943 770 neque
970 686 1041 750 enin

258 816 274 860 4
311 787 439 852 exaedit
468 787 682 874 quadraginta
707 788 805 854 milia.
861 788 1042 868 umbilicum,

259 918 273 963 ε
310 900 348 956 ub
362 890 467 957 Varro
488 891 599 973 tradit,
627 892 662 955 in
684 913 762 978 agro
784 891 923 958 Reatino
944 891 1040 969 habeb

258 1021 272 1067 a
310 1003 344 1061 at
365 995 400 1059 in
421 994 560 1060 solidum
582 995 722 1080 spatium
743 995 897 1062 circuitus
918 995 1043 1061 universi

258 1125 272 1170 ⁷
311 1099 408 1163 vicies
431 1097 622 1185 quadragies
643 1099 754 1164 novies
777 1108 914 1165 centena
935 1100 1026 1184 suni.)

257 1229 272 1274 ε
332 1199 383 1270 ll.
427 1200 534 1284 Quam
548 1201 699 1266 videlieet
712 1202 921 1268 novissimam
933 1203 1044 1268 Italian

258 1331 272 1377 a
310 1305 441 1391 quidam
461 1305 644 1392 philosophi
665 1305 801 1390 amplius
824 1327 921 1389 quam
941 1307 1044 1393 septin-

241 1432 273 1478 1o
310 1418 424 1497 gentas
440 1410 586 1474 oivitates
601 1406 752 1472 habuisse
763 1407 925 1493 dixerunt,
939 1433 977 1474 ex
988 1408 1045 1493 qui·

241 1536 272 1581 11
309 1513 371 1579 bus
393 1513 517 1597 aliquas
546 1510 587 1576 ab
610 1509 802 1577 occidentali
824 1513 894 1578 eius
914 1522 1001 1598 parte
1019 1521 1045 1576 el

240 1637 272 1683 11
311 1618 451 1682 claustra
461 1616 596 1702 Alpium
609 1615 766 1700 incipiens
781 1603 887 1698 intuli,
901 1617 935 1682 in
948 1615 1045 1702 primis

241 1741 272 1787 1³
310 1721 474 1785 uiolatam

240 1844 273 1890 14
458 1821 686 1908 Alpendinam,
707 1823 785 1889 ilem

240 1947 271 1993 11
460 1923 683 1991 Gessabonam

240 2049 271 2094 16
459 2027 666 2095 Secutionam

240 2153 272 2198 17
327 2203 329 2208 ,
461 2130 624 2198 Ooollium

240 2258 272 2304 18
459 2236 558 2302 Fines

240 2360 271 2406 19
460 2337 630 2406 Staurinis.

342 2600 433 2647 codices
451 2598 524 2661 bfmr.
589 2597 623 2661 cf.
633 2599 709 2646 Solia.
723 2614 744 2646 o.
754 2600 783 2657 2,·
800 2601 859 2647 Rau.
870 2563 922 2647 209
941 2601 971 2647 10
983 2613 1014 2659 aq.

309 2743 321 2787 1
342 2747 437 2787 eentum
450 2741 549 2802 triginta
561 2744 612 2796 sax]
633 2751 732 2788 cxxxvi
749 2755 787 2786 mr
804 2741 908 2788 Solinus.
956 2743 970 2788 2
987 2740 1044 2787 milia

307 2825 399 2858 om.mr
410 2809 514 2858 Solinus.
569 2811 584 2857 0
603 2811 723 2858 hanibalis
741 2826 763 2867 r,
783 2812 903 2859 annibalis
915 2811 937 2874 s
950 2812 1043 2858 Solinus.

307 2883 324 2928 4
351 2883 521 2942 quadraginta}
540 2895 575 2928 xi.
592 2895 637 2926 mr.
673 2881 684 2929 ll
717 2883 785 2929 milia
800 2897 846 2928 om.
864 2897 909 2928 mr.
968 2885 981 2930 6
1006 2884 1044 2928 uir·

307 2954 386 3000 obitus
404 2951 439 3014 bf.
494 2955 508 2999 8
533 2959 588 2998 uate
606 2950 684 3006 Quam
703 2953 716 2999 0
735 2953 805 3000 habat
822 2955 852 3000 da
870 2955 968 3000 urbibus
979 2953 1043 2999 italie.

306 3023 316 3071 ΙΙ
329 3023 407 3079 Quam
423 3023 601 3080 videlicetalm
619 3023 724 3070 Ravana.
737 3023 789 3070 249
813 3026 847 3070 10
860 3039 895 3085 aq.
932 3025 941 3071 ΙΙ
974 3024 1043 3070 novis·

279 3107 281 3112 ·
306 3096 399 3154 simam]
417 3095 592 3142 nobilissimam
604 3093 663 3139 Rau.
719 3095 733 3140 9
760 3095 907 3156 phylosophi
923 3110 953 3155 m,
975 3094 1043 3141 filoso-

306 3166 357 3226 phy
370 3166 391 3211 0.
442 3167 472 3211 10
492 3169 609 3222 axlatm.
667 3165 697 3212 15
716 3166 875 3212 bassabonam
887 3164 913 3227 f.
964 3163 1043 3212 lee·

306 3237 437 3292 cutionaml
454 3238 548 3283 nonnisi
564 3251 579 3282 a
591 3249 637 3282 aaa.
649 3250 720 3282 manu
737 3235 808 3283 babel
823 3251 853 3295 m,
872 3230 1041 3295 aecuoiomnf.

309 3307 339 3351 10
368 3305 500 3365 Staurinisl
519 3307 640 3354 saturnius
658 3321 703 3352 mr.
