2314 3840
97 288 171 334 113
761 348 770 356 -
897 291 930 346 31

120 455 133 500 1
177 433 258 498 flant
279 433 368 500 venti
390 455 457 497 sex.
501 432 577 497 inde
602 444 634 498 et
663 435 693 511 si
714 435 846 504 obstans
868 439 933 504 liti-

119 559 134 604 a
178 548 272 627 gator
300 537 417 602 dixerit
450 535 612 621 quomodo
641 547 674 603 et
705 541 842 623 qualiter
868 559 934 608 una

120 663 136 708 a
177 644 258 710 hora
285 667 343 730 per
369 663 467 709 unam
490 652 620 729 gentem
648 654 857 732 supputatum
883 656 933 712 est

120 767 137 812 4
177 750 345 815 universae
368 753 432 819 diei
454 778 614 840 quamque
636 751 753 832 noctis,
782 749 860 814 dum
883 760 933 815 est

122 876 137 921 s
177 875 258 940 gens
281 875 363 937 quae
384 858 475 924 iuxta
489 862 595 948 ipsum
618 858 737 924 residet
753 852 931 936 Oceanum,

121 981 136 1025 e
177 979 260 1041 quae
273 967 362 1024 tenet
370 961 447 1028 litus
458 962 739 1049 ipsumOoeanum
748 983 806 1046 per
815 957 933 1022 multo-

122 1084 136 1128 7
177 1070 275 1148 gento
289 1063 387 1146 milia,
409 1067 547 1131 maxime
564 1067 642 1132 dnm
658 1066 738 1131 aliae
754 1073 867 1152 gentes
882 1083 945 1149 re-¹

123 1185 138 1230 s
176 1166 349 1252 iaoentper
359 1168 492 1256 longum
503 1171 581 1238 litus
590 1169 714 1238 Oceani
725 1167 931 1254 amplissime,

123 1289 139 1333 a
177 1269 257 1333 aliae
268 1293 343 1336 vero
355 1274 543 1340 reiaeentex
556 1285 750 1356 transverse,
762 1272 843 1336 aliae
857 1291 932 1356 pro-

106 1395 138 1440 ro
175 1396 228 1458 pe,
250 1374 330 1439 aliae
344 1375 440 1464 longe
463 1377 503 1444 ab
520 1376 653 1444 Oceano
668 1376 845 1443 residentes
860 1383 931 1438 tan·

103 1499 136 1546 11
175 1477 340 1544 tummodo
351 1503 538 1547 mucronem
550 1505 645 1548 suum
657 1504 760 1565 usque
772 1478 814 1544 ad
826 1477 932 1544 Ocea·

104 1603 137 1649 12
176 1595 460 1671 numexpergnnt:
481 1587 522 1650 ad
542 1609 637 1675 quem
653 1583 783 1651 Christo
800 1583 930 1647 iuvante

103 1709 136 1755 13
175 1685 404 1770 respondemus
414 1689 607 1772 quiaverum
616 1699 675 1772 est,
688 1685 930 1766 sedreoordare,

105 1814 138 1858 14
176 1811 195 1852 o
218 1789 330 1872 amice,
353 1790 442 1874 quod
465 1792 683 1878 praediximus
699 1791 739 1855 de
754 1791 930 1855 mutatione

104 1917 136 1963 15
176 1892 319 1978 gentium
341 1893 413 1978 sibi,
439 1895 525 1979 quod
547 1919 630 1982 pene
653 1905 719 1961 tres
736 1896 832 1959 horas
848 1893 931 1958 deti-

1 2007 2 2074 }
103 2019 137 2064 ro
176 2005 242 2077 net,
264 2005 296 2061 et
311 1997 427 2062 iterum
442 2000 585 2065 invenies
601 2022 688 2064 nuno
702 2009 768 2064 tres
784 1999 836 2062 vel
852 2019 930 2082 qua-

1 2089 3 2122 ²
103 2127 137 2173 17
176 2107 249 2163 tuor
270 2109 383 2186 gentes
406 2125 482 2188 prae
505 2112 595 2167 metu
617 2104 751 2168 aliarum
774 2104 808 2167 in
830 2125 930 2167 unum

106 2230 137 2276 13
178 2212 350 2286 coartatae,
380 2227 461 2290 quae
485 2229 588 2292 neque
611 2208 706 2272 unius
736 2207 833 2271 horae
857 2227 930 2291 spa-

3 2391 4 2400 *
104 2333 137 2379 ra
174 2308 256 2372 tium
278 2307 439 2389 detinent3
463 2310 550 2376 unde
573 2334 632 2376 nos
655 2312 702 2375 ita
724 2319 756 2375 et
779 2310 857 2374 alias
873 2308 929 2373 de-

103 2440 137 2486 20
176 2413 352 2495 cernimuS‚
380 2423 532 2498 tanquam
566 2416 600 2479 in
623 2414 820 2499 Aethiopum
851 2435 929 2499 gen-

4 2515 5 2528 *
103 2542 135 2587 21
175 2526 241 2580 tem
264 2516 445 2601 aliquantae
468 2519 565 2583 horae
581 2504 772 2604 supputatae
787 2526 873 2598 sunt,
896 2525 928 2580 et

102 2647 136 2691 22
175 2620 309 2684 aliarum
342 2623 487 2708 gentium
520 2621 674 2706 liquidius
713 2621 927 2686 habitationes

179 2765 190 2808 l
219 2768 304 2808 ventos
326 2777 370 2808 sex
393 2761 473 2824 (corr.
493 2762 541 2828 ex)
567 2765 623 2810 inde
640 2765 674 2822 B,
703 2763 769 2809 uenti
782 2763 880 2818 ¹exinde
898 2764 927 2820 A,

174 2834 241 2879 venti
253 2847 298 2879 sex
315 2835 403 2880 exinde
421 2835 485 2881 editi.
506 2833 540 2895 ef.
560 2837 593 2880 10
613 2836 638 2880 1.
657 2835 666 2880 ΙΙ
687 2835 785 2881 adstans
797 2835 827 2879 A.
870 2835 884 2879 2
904 2839 928 2878 et

175 2917 219 2949 om.
242 2904 306 2958 editi.
331 2905 341 2949 ii
370 2905 485 2963 qualiter]
514 2905 640 2964 qualisque
666 2907 700 2962 Α,
729 2903 878 2962 qualiterque
897 2904 927 2949 Β.

175 2975 342 3034 3subputatu
351 2975 381 3020 B.
437 2978 451 3022 6
474 2977 549 3034 ipsius
563 2975 654 3022 Oceani
673 2976 737 3021 editt.
810 2975 823 3020 11
851 2979 928 3020 traus-

173 3059 245 3091 uersu
270 3045 299 3091 A.
373 3047 403 3092 12
432 3053 505 3106 atque
532 3047 561 3092 B.
636 3049 667 3092 14
696 3047 870 3104 praediximus]
894 3043 927 3103 of.

175 3117 252 3162 318.
290 3121 293 3128 '
326 3119 356 3162 17
384 3121 453 3176 prae]
478 3131 522 3178 pro
545 3119 574 3162 B.
632 3119 663 3163 19
688 3117 809 3162 nobisite
826 3123 850 3162 et
867 3115 927 3162 aliae

175 3186 239 3232 editi.
258 3187 267 3232 ΙΙ
302 3189 461 3234 decernuntur
478 3189 521 3233 AB
539 3187 603 3233 editt.
713 3188 745 3233 20
774 3193 844 3246 gente
862 3187 926 3232 editi.

176 3257 208 3303 22
236 3258 337 3304 aliorum
355 3261 383 3305 A.
