2314 3840
234 271 270 324 84
989 270 1059 319 114

253 441 267 485 1
304 417 333 481 si
354 425 447 481 sexta
468 415 547 480 hora
569 416 665 481 sicuti
686 415 822 480 tacimus
837 413 944 480 media
959 425 1059 480 noete

252 543 267 588 ι
304 517 512 602 determinat,
545 542 623 607 ergo
653 541 826 605 possumus
857 519 1004 604 superius
1036 542 1058 583 a

253 645 268 692 e
303 624 408 709 prima
429 622 509 688 hora
528 646 631 708 usque
653 623 696 689 ad
719 632 844 688 sextam
855 624 1057 710 pertingerc3

252 747 269 793 ι
305 726 423 792 dehinc
444 726 578 792 insenius
599 751 620 792 a
640 737 733 793 sexta
754 749 856 811 usque
879 726 922 792 ad
936 726 1060 792 duode-

199 865 205 870 ·
253 851 268 897 c
305 831 422 894 cimam
435 829 548 895 horam
561 832 666 897 noctis
681 829 921 917 supputandum
939 831 1058 917 explet.

253 951 268 996 c
304 957 380 998 nam
393 943 432 999 nt
447 934 563 1000 clarius
577 935 755 1019 loquamur,
773 935 882 999 inveni
895 936 929 999 in
945 944 1060 1000 sancta

254 1055 268 1100 ι
305 1038 466 1123 scriptura
479 1039 666 1103 nominatim
679 1039 808 1104 tertiam
825 1037 938 1102 horam
952 1038 1058 1103 noctis

253 1163 269 1208 8
287 1142 489 1223 ”manifesta
516 1144 601 1208 siout
621 1143 655 1207 in
677 1141 817 1207 Actibus
839 1141 1058 1227 apostolorum

255 1265 269 1312 ι
305 1245 527 1330 scriptumest
550 1246 693 1327 „vocatis
712 1245 860 1311 tribunus
876 1243 1003 1310 duobus
1015 1243 1057 1309 de

239 1367 270 1413 ιο
307 1347 548 1416 centurionibus
561 1348 644 1414 dixit
655 1349 730 1431 illis,
738 1357 927 1435 praeparate
939 1349 1058 1414 milites

236 1473 268 1517 ιι
306 1449 464 1517 ducentos
475 1461 512 1517 ut
523 1461 598 1518 eant
608 1475 710 1538 usque
722 1451 914 1518 Caesaream
924 1461 958 1517 et
968 1452 1058 1536 equi-

238 1575 269 1621 ιι
305 1564 355 1620 tes
377 1556 583 1644 septuaginta
604 1567 637 1622 et
657 1557 835 1622 lancearios
857 1553 1015 1622 ducentos
1036 1578 1058 1620 a

238 1679 270 1726 ιι
303 1659 401 1724 tertia
413 1659 493 1725 hora
506 1660 611 1725 noetis
625 1670 658 1726 et
672 1661 850 1726 iumentum
868 1668 1057 1747 praeparate

237 1787 271 1833 ιι
306 1771 339 1827 et
360 1763 561 1848 imponentes
583 1764 721 1830 Paulum
743 1764 869 1830 salvum
889 1761 1058 1850 perducite

237 1889 270 1936 ιι
305 1864 348 1931 ad
369 1866 513 1932 Felicem
534 1867 745 1953 praesidem.“

238 1995 270 2041 ιι
339 1969 391 2038 15.
436 1969 503 2036 Sed
525 1980 558 2035 et
579 1973 607 2038 si
630 1973 808 2057 capacitate
830 1969 926 2035 huius
947 1968 996 2033 rei
1008 1967 1058 2034 in-

237 2097 269 2144 ιι
306 2071 471 2161 dagatoris
490 2075 586 2161 plura
612 2072 840 2159 inquirendum
866 2095 980 2143 sensus
1002 2095 1059 2137 va·

237 2203 270 2249 18
305 2177 441 2263 gaverit,
464 2187 497 2243 et
517 2202 576 2265 per
597 2179 747 2244 horarum
760 2177 866 2245 noctis
880 2185 1059 2264 supputan-

238 2305 269 2351 ιι
306 2279 384 2346 dum
406 2283 526 2366 patrias
548 2282 768 2348 testimonium
790 2290 828 2346 ut
849 2279 986 2366 adipisci
999 2302 1059 2345 no-

174 2397 175 2403 ’
236 2406 269 2453 ιο
304 2385 400 2448 luerit
422 2383 554 2450 idiotioo
575 2409 675 2468 more,
696 2385 834 2450 dicimus
853 2384 906 2448 vel
919 2383 1058 2469 patriam

235 2508 268 2556 ιι
305 2488 481 2553 assimilare
503 2487 630 2571 debeat,
652 2488 687 2554 id
709 2498 770 2572 est,
796 2511 876 2574 ques
898 2488 932 2552 in
952 2487 1059 2574 prima

236 2614 269 2661 ιι
306 2589 370 2656 diei
397 2593 517 2677 patrias
541 2615 611 2658 esse
634 2593 889 2680 designavimus,
918 2599 951 2656 et
977 2601 1058 2656 tunc

237 2718 270 2764 ιι
305 2693 347 2760 ad
380 2696 518 2760 frontem
546 2696 690 2764 eiusdem
715 2696 838 2782 patriae
866 2696 1059 2781 septentrio-

308 2883 320 2926 1
349 2881 453 2928 mediam
470 2887 566 2928 noctem
584 2882 648 2929 editi.
702 2884 718 2930 ι
746 2884 778 2929 ad
789 2883 891 2942 primam
902 2882 987 2929 horam
1003 2883 1057 2928 ΑΒ.

306 2953 373 2997 6-7
403 2954 616 2999 ut-nominatim
634 2968 679 2999 om.
697 2953 784 3000 Porcia.
866 2955 880 3000 7
908 2955 1008 3000 terciam
1024 2955 1056 3012 B,

306 3028 328 3067 et
350 3025 384 3068 sic
407 3021 508 3082 saepius.
589 3026 603 3069 9
631 3026 724 3071 vocatis
742 3025 866 3082 tribunus}
890 3025 951 3070 Acta
972 3025 1056 3083 Apoat.

306 3093 340 3137 23
359 3094 401 3138 23.
419 3094 430 3139 ll
449 3095 576 3140 vocausB.
595 3094 605 3139 ll
624 3095 727 3142 tribunis
735 3097 764 3142 Α.
820 3096 853 3141 14
871 3096 1013 3154 inponentes
1023 3096 1055 3146 B.

309 3165 338 3208 17
367 3165 508 3222 inquirendo
527 3166 591 3211 editi.
641 3167 672 3211 18
700 3167 772 3213 horas
790 3165 855 3212 editt.
873 3166 883 3211 ll
902 3167 1056 3226 supputando

306 3233 370 3280 editi.
460 3237 493 3282 20
519 3237 628 3297 ydiotico
651 3237 681 3283 B.
776 3238 809 3284 13
837 3235 1009 3297 septstrionde
1031 3237 1056 3282 B
