2256 3836
248 468 260 510 1

247 571 261 616 2

247 670 262 716 8

247 777 263 820 4

248 878 262 922 ὁ

248 981 263 1025 6

448 442 531 506 Laia

447 546 620 630 Liponissa

449 648 557 713 Tilida

449 751 573 818 Sanora

449 856 605 942 Tegamia

451 959 601 1025 Grarete.

1120 935 1123 1044 i

249 1088 263 1133 7
343 1065 407 1130 Per
418 1088 514 1149 quam
524 1063 724 1148 Hyrcaniam
734 1061 870 1147 plurima
884 1070 1053 1125 transeunt
1121 1049 1123 1134 i

249 1193 263 1236 a
299 1167 441 1250 flumina,
463 1169 547 1232 inter
570 1175 676 1229 cetera
698 1186 779 1248 quae
803 1162 954 1229 dicuntiir
1123 1171 1124 1174 ’

249 1299 263 1342 9

233 1400 264 1446 10

233 1507 279 1556 11,

233 1609 264 1654 12

233 1716 264 1760 13

233 1818 265 1863 14

234 1921 264 1966 15

234 2025 265 2069 16

234 2127 264 2172 17

234 2231 265 2275 18

226 2325 265 2378 '19

233 2435 266 2482 20

234 2537 264 2581 21

235 2638 266 2682 22

450 1269 582 1335 Iarartis

452 1372 544 1440 Oxus
918 1371 932 1422 1

451 1477 569 1542 Austia

450 1581 609 1668 Nigrinus

450 1685 590 1749 Maritus

451 1785 562 1853 Sicris.

339 1893 378 1956 ln
392 1915 455 1976 qua
465 1890 642 1976 Hyrcania,
658 1900 694 1954 ut
706 1890 856 1972 diximuS,
867 1915 907 1956 ex
919 1889 1054 1958 Oceano

304 1994 458 2080 Caspium
490 2016 632 2058 summae
665 1995 922 2079 septentrionalis
950 1998 1053 2081 partis

301 2099 464 2184 pertinens
487 2097 644 2161 maximus
659 2097 748 2162 sinus
764 2097 937 2182 Hyrcanus
954 2099 1054 2163 ascri-

302 2201 399 2266 bitur.

334 2302 365 2371 9.
411 2302 494 2368 Item
516 2327 581 2368 non
603 2305 699 2390 longe
729 2303 863 2388 abipsa
886 2304 1056 2390 Hyrcania

301 2408 431 2493 ponitur
452 2409 556 2492 patria
578 2429 659 2490 quae
683 2407 800 2471 dicitur
815 2406 927 2471 Media
941 2409 1054 2490 maior,

303 2533 384 2594 quae
407 2510 504 2574 habet
525 2510 723 2594 provincias,
746 2510 780 2574 id
804 2519 853 2574 est

453 2613 559 2680 Gelon

305 2771 316 2814 1
337 2768 407 2814 Lalla
428 2768 483 2814 Tab.
538 2769 553 2812 3
577 2767 664 2822 Tiiiclal
684 2765 784 2812 Philadc
807 2767 875 2812 Tan
922 2769 938 2813 4
962 2766 1057 2814 Sanora

303 2840 372 2884 etiam
388 2839 441 2884 ch.
498 2840 511 2883 9
540 2838 645 2894 Iarartis}
665 2839 680 2882 i.
694 2851 713 2882 e.
732 2837 848 2883 Iaxartes.
908 2840 938 2883 11
967 2838 1057 2885 Anatis

303 2909 367 2966 editi,
385 2908 467 2955 Antias
484 2909 511 2953 11
527 2908 575 2962 12,·
592 2901 756 2970 Ἀσθιανηνή
772 2910 839 2968 νῳίο
857 2910 982 2954 Armeniae
994 2909 1057 2954 Pro-

304 2993 355 3037 σοι).
373 2980 401 3024 dc
417 2977 490 3039 aedis.
547 2979 577 3024 12
601 2979 715 3038 Nigrinus
734 2981 803 3024 etiam
826 2978 896 3034 Tab.,·
914 2977 948 3038 cf.
967 2979 996 3024 ΙΙ
1012 2981 1056 3024 12.

306 3051 337 3095 13
360 3051 458 3096 meritus
474 3050 497 3094 B
515 3050 578 3106 editi,
597 3049 730 3096 Maritisll
746 3049 787 3095 12.
836 3051 867 3095 14
887 3048 964 3108 Signis
986 3050 1056 3107 Tab.‚·

304 3118 338 3180 cf.
347 3121 374 3165 11
391 3120 433 3165 12.
482 3122 513 3166 16
537 3133 603 3166 suma
615 3122 643 3176 A,
662 3119 787 3166 sumineB
800 3120 863 3166 editi.
883 3119 892 3164 ΙΙ
912 3121 1057 3180 septentrio·

303 3181 611 3249 nalespartibusffledin.
650 3193 680 3236 17
700 3191 844 3237 adscribitur
852 3191 916 3236 editi.
954 3192 986 3236 22
1008 3191 1056 3238 Ge·

304 3260 357 3318 lon]
378 3259 451 3308 Gelae
468 3259 531 3308 Plin.
551 3260 622 3318 Ptol„
642 3256 728 3326 Pqul
742 3262 840 3321 Dionys.
