2242 3838
1006 145 1036 160 χ

234 293 286 348 176
982 292 1016 340 1v
1035 292 1048 338 5

254 467 264 508 1
304 443 381 505 item
402 442 510 525 patria·
521 438 636 525 Campi
651 437 883 524 Campanidon‚
906 459 967 502 nee
989 461 1053 502 non

254 570 267 614 2
305 543 413 609 Gotho
429 542 612 624 Githmum,
636 541 824 628 Sugdabon,
845 542 1052 628 Fanaguron‚

253 673 267 718 3
304 647 431 733 paludis
459 645 659 710 Maeotidon.
705 669 786 729 quae
808 644 977 710 Maeotida
1004 669 1055 709 re·

252 779 268 822 4
304 752 370 838 gio,
391 751 443 816 vel
458 752 485 815 si
500 752 534 814 in
548 751 611 816 hoo
625 752 697 816 loeo
713 751 876 814 nominata
890 757 950 829 est,
972 770 1054 832 quae
1114 771 1116 822 4

254 881 267 925 5
303 864 411 920 tamen
435 853 612 920 dumsatio
636 854 777 938 spatiosa
799 853 923 933 existit,
950 874 1054 935 usque

254 975 267 1020 6
305 956 347 1021 ad
368 958 545 1042 praefatam
559 958 802 1043 Bosphoranam
823 956 961 1041 patriam
982 978 1056 1040 per-

254 1082 267 1124 r
304 1061 411 1146 tingit.
457 1082 518 1124 neo
546 1085 610 1126 non
638 1061 729 1126 iuxta
755 1060 919 1145 regionem
940 1057 1056 1123 Maeo-

254 1187 268 1230 s
304 1162 405 1228 tidam
443 1174 491 1229 est
526 1164 630 1248 patria
657 1164 797 1228 maxima
825 1185 906 1246 quae
936 1161 1058 1228 dicitur

254 1290 268 1334 9
304 1266 481 1332 Dardania.
525 1268 559 1332 in
576 1289 639 1350 qua
654 1265 798 1330 diversae
814 1267 935 1350 patriae
950 1287 1056 1349 usque

239 1390 269 1434 ro
306 1369 347 1435 ad
369 1394 455 1436 mare
484 1393 635 1456 magnum
652 1367 829 1434 'Ponticum
849 1369 1056 1455 pertingrmt3

239 1496 268 1540 11
305 1495 441 1557 quarum
459 1474 552 1539 multi
569 1474 697 1538 fuerunt
712 1471 938 1558 adscriptores,
958 1473 1058 1538 idest

238 1599 269 1645 12
305 1578 451 1661 superius
486 1578 669 1642 nominatus
697 1575 945 1642 nefandissimus
975 1577 1058 1642 Por-

238 1703 269 1748 1³
305 1681 439 1766 phyrius
455 1689 487 1744 et
501 1680 656 1745 Livanius
672 1688 768 1763 atque
778 1671 965 1765 Eutropius.
998 1680 1057 1746 sed

238 1805 269 1848 14
305 1807 364 1848 nos
387 1783 559 1848 eanmdem
581 1784 748 1870 regionum
771 1783 917 1850 civitates
940 1808 1058 1850 secun-

238 1908 268 1952 15
305 1886 382 1952 dum
409 1889 685 1972 praenominatum
706 1887 878 1952 Livanium
906 1891 1058 1974 exposui-

308 2140 320 2182 1
345 2137 431 2196 Campi
449 2137 626 2197 Campanidon]
647 2140 725 2198 campi
743 2139 878 2198 capanidon
898 2138 927 2196 0,-
949 2138 1057 2199 Campus

305 2209 392 2254 fluvius
408 2214 433 2253 et
444 2207 573 2267 Campanis
591 2208 660 2268 palus
678 2209 815 2255 Poroheroa
833 2209 911 2270 lepore
928 2211 975 2256 sibi
992 2214 1058 2257 visus

307 2285 341 2324 ost
359 2282 383 2324 in
399 2279 454 2324 rao.
473 2281 547 2336 Paua,
566 2281 606 2326 ubi
625 2286 702 2325 tamen
720 2283 763 2339 cap
783 2280 798 2325 fl
818 2279 948 2338 (Sellium)
968 2287 992 2326 et
1011 2285 1057 2341 cap

307 2351 359 2396 anis
381 2349 488 2408 paludis,
517 2353 533 2396 i.
550 2365 569 2396 o.
592 2357 663 2409 caput
683 2351 789 2411 fluminis
812 2349 914 2396 Sellium
938 2358 961 2396 et
983 2359 1058 2410 caput

307 2422 364 2466 Am's
378 2419 484 2478 paludis.
521 2421 650 2467 credideris
673 2420 771 2466 similem
783 2419 863 2480 saissa
881 2436 988 2468 errorem
1007 2423 1057 2468 Ra-

306 2493 412 2536 vennatis
424 2493 508 2536 nostri.
557 2494 570 2538 2
586 2491 663 2538 Gotho
678 2491 818 2548 Githoruml
831 2492 878 2538 Piti
889 2492 964 2540 Gaete
980 2493 1058 2539 ΤαΜ

305 2555 434 2613 Γὺθωνες
460 2561 541 2608 Prot?
576 2564 585 2608 ΙΙ
619 2562 772 2621 Fanaguronl
800 2562 953 2623 Phanagoria
974 2563 1011 2609 38
1031 2565 1056 2609 3.

307 2635 321 2678 3
341 2633 464 2678 meotidon
484 2631 507 2688 C,
526 2634 649 2678 meotidon
668 2635 709 2691 qui
727 2633 833 2679 meotida
849 2634 880 2678 B.
935 2635 951 2680 4
973 2635 1016 2681 vel
1036 2636 1056 2680 si

306 2705 343 2760 inl
362 2703 401 2749 vel
419 2704 465 2748 sini
484 2704 513 2760 B,
541 2703 626 2750 uelsim
644 2705 672 2761 A,
703 2704 743 2749 vel
761 2705 806 2750 smi
826 2703 849 2762 0,
877 2704 969 2750 Velsini
989 2706 1056 2751 editi.

307 2776 321 2820 5
350 2775 525 2834 spaciosissima
545 2773 569 2820 0.
596 2774 605 2819 ΙΙ
631 2775 743 2820 existitur
760 2775 810 2820 ΑΒ.
878 2777 891 2820 6
919 2776 1058 2836 bosphoro·

306 2859 361 2890 nam
379 2846 433 2901 AB,
452 2845 638 2904 bosphoroniam
658 2843 681 2891 0.
714 2846 723 2890 ii
748 2852 805 2903 post
827 2847 1011 2904 Bosphoranam
1040 2845 1058 2893 0

308 2915 362 2961 add.
377 2916 471 2960 dieitur.
521 2919 534 2962 7
554 2916 683 2961 meotidam
695 2914 743 2972 BC,
756 2918 917 2962 meotidanam
929 2918 957 2973 A,
970 2917 1056 2963 Maeo-

307 2987 359 3031 tida
376 2985 440 3031 editi,
503 2986 517 3030 9
545 2987 571 3031 in
589 2989 649 3044 qua]
666 3001 729 3044 quae
748 2987 812 3032 editi.
881 2988 911 3032 10
938 3002 1055 3047 magnum

307 3071 352 3100 om.
371 3057 436 3102 editi.
492 3058 521 3102 11
551 3057 693 3115 ascriptores
713 3056 736 3103 C.
793 3060 823 3104 12
850 3059 987 3117 porphirius
1006 3058 1054 3108 AC.

307 3127 417 3185 porfirius
443 3128 472 3172 B.
547 3129 577 3174 13
605 3127 721 3174 Libanius
740 3129 803 3180 editi,
831 3129 840 3173 ΙΙ
867 3132 951 3186 atque]
975 3135 1000 3174 et
1030 3128 1054 3175 C.

311 3199 341 3242 14
365 3199 494 3243 eorundem
511 3198 540 3254 B,
561 3201 695 3244 earumdem
715 3199 779 3244 editi.
834 3200 864 3245 15
888 3200 1007 3258 prefatum
1030 3198 1053 3254 C,

308 3269 441 3328 praefatum
460 3268 522 3314 editi.
551 3269 560 3314 ii
584 3269 700 3315 livianum
718 3271 747 3326 B,
766 3270 893 3318 Libanium
912 3271 976 3316 editi.
