2198 3840
219 311 272 367 loo

240 483 253 529 1
442 463 615 549 Aquilegia

239 585 254 632 2
441 565 633 632 Foroiulii..

240 687 254 732 2
327 666 376 736 19.
421 668 504 733 Ibem
518 670 552 732 in
566 668 697 755 regione
708 667 853 734 Histriae
871 676 946 732 sunt
960 665 1038 730 eivi-

240 789 256 835 4
292 781 375 838 tates
441 773 589 837 Treieeta

241 894 256 941 5
443 873 567 960 Sapore

242 997 256 1042 e
443 979 608 1064 Umogum

243 1101 257 1146 2
444 1081 602 1167 Neapolis

243 1204 258 1250 2
445 1185 598 1250 Parentia

244 1309 258 1354 e
445 1289 635 1374 Ribingium

228 1411 260 1456 10
447 1392 538 1456 Pola.

230 1513 260 1560 11
331 1494 384 1564 21).
429 1494 606 1560 Nominare
617 1494 726 1578 itaque
737 1494 867 1560 litoreas
878 1493 989 1558 Italiae
1000 1494 1042 1557 oi-

230 1618 261 1664 12
298 1600 415 1664 vitales
425 1599 548 1680 volens,
563 1597 603 1662 ab
619 1595 823 1662 inferioribus
838 1597 982 1682 partibus
995 1597 1042 1660 in-

230 1722 261 1768 12
300 1702 483 1768 ohoondum
510 1709 576 1782 est,
604 1699 639 1764 id
668 1709 718 1764 est
745 1723 765 1764 a
788 1700 919 1765 civitate
941 1700 1041 1778 Assia,

230 1825 263 1871 14
300 1828 382 1890 quae
421 1805 594 1870 confinium
632 1803 808 1869 Liburniae
841 1803 1042 1886 Histriaeque

232 1926 262 1972 15
299 1908 536 1994 provinciarum
565 1916 623 1972 eet.
680 1907 738 1974 sod
766 1907 842 1990 quia
869 1907 934 1972 iam
956 1927 1042 1991 supe·

231 2032 263 2079 16
300 2011 367 2076 rius
391 2010 494 2077 dictas
517 2012 639 2098 ingessi
662 2012 819 2092 civitatee,
842 2019 879 2074 ut
893 2009 1041 2075 membra·
1086 2043 1087 2078 2

232 2139 263 2184 17
300 2116 360 2179 tim
383 2116 492 2180 oasin
514 2136 705 2198 unaquaque
726 2114 893 2200 provincia
914 2115 1041 2199 expone-
1086 2121 1087 2130 ’

233 2241 264 2288 18
301 2241 379 2300 rem,
408 2241 495 2283 nunc
517 2217 646 2284 easdem
668 2242 733 2284 non
758 2219 936 2304 incongrue
956 2217 1052 2282 reite·⁴

232 2344 265 2390 19
301 2345 375 2388 rans
399 2321 576 2387 ordinatius
600 2321 785 2408 explicabo:

233 2450 264 2496 2ο
451 2425 550 2490 Assia

233 2552 264 2598 21
452 2528 640 2594 Nissaoium

233 2655 265 2701 22
451 2631 534 2705 Pola

234 2757 265 2803 23
453 2733 642 2822 Ribingium

234 2862 267 2907 24
454 2837 611 2923 Neapolis

235 2965 266 3012 25
452 2939 616 3028 Umagum

339 3057 430 3104 codices
448 3053 520 3117 bsmr.
748 3054 782 3117 cf.
795 3055 854 3101 Roo.
869 3055 919 3102 251
938 3051 971 3099 13
981 3066 1011 3112 oq.

306 3143 413 3203 3ystrie
424 3140 450 3205 f,
480 3141 570 3202 hystrie
588 3156 633 3188 mr.
670 3142 790 3202 osoropa
801 3139 828 3202 f.
872 3141 1008 3202 8parenoio
1016 3134 1038 3198 f·

306 3213 451 3272 eribigium
464 3227 495 3259 m.
545 3214 576 3258 11
595 3211 669 3272 ytalie
681 3210 745 3273 smr.
796 3213 827 3258 12
847 3212 988 3259 inooondum
1002 3221 1038 3254 mr.
1085 3199 1087 3248 i

307 3283 338 3328 14
357 3283 478 3342 yetrleque
491 3280 517 3342 f,
544 3283 681 3342 hystrieque
699 3297 729 3330 m.
785 3284 815 3330 15
836 3288 873 3330 sot
883 3281 910 3344 f.
965 3283 992 3328 19
1008 3291 1038 3325 or·
1086 3275 1087 3318 l

306 3353 414 3398 dinocius
426 3351 452 3412 f,
479 3353 603 3398 ordinatus
621 3367 642 3401 r.
699 3355 730 3400 25
759 3354 873 3415 vinogum
891 3369 936 3400 mr.
1086 3369 1087 3372 ’
