2256 3836
10 297 12 354 i
75 312 138 360 nra
847 308 882 362 ta

16 519 19 524 .
93 483 103 526 1
135 479 211 541 quae
234 455 354 521 dioitur
367 455 614 542 Mesopotamia,
638 477 733 541 quam
748 457 883 522 oiroum-

10 593 11 634 ς
93 585 104 629 r
136 558 209 624 dant
237 559 371 625 flumina
397 561 551 643 maxima,
581 559 615 626 id
644 568 693 626 est
715 560 823 646 Tigris
850 568 883 624 et

94 689 106 733 a
136 663 331 749 Euphraten,
361 672 556 748 quapropter
586 673 619 728 et
647 663 883 749 Mesopotamia

93 791 106 836 4
136 767 321 852 appellatur.
367 767 403 840 in
430 789 494 850 qua
520 767 757 852 Mesopotamia
784 767 883 852 pluri-

93 893 105 938 t
136 891 200 934 mas
213 869 351 956 legimus
366 870 465 934 fuisse
481 871 626 952 ciuitates
641 871 725 936 inter
740 867 883 935 Orientis

92 997 104 1042 t
135 972 351 1057 philosophoS,
372 980 410 1036 ut
431 973 476 1038 ait
499 971 676 1054 Castorius,
705 997 744 1037 ex
767 973 883 1057 quibus

92 1101 104 1145 7
135 1075 312 1159 aliquantas
335 1073 505 1162 designare
527 1077 685 1157 volumno,
708 1075 742 1140 id
765 1086 814 1142 est

91 1205 103 1250 8
282 1176 393 1242 Edesa

91 1309 115 1352 9·
277 1281 459 1346 Minioerta
535 1315 536 1318 ¹

77 1411 103 1454 ιο
283 1383 371 1449 Bara

76 1516 102 1560 11
284 1487 368 1551 Bata

77 1619 103 1665 12
284 1589 395 1656 Nisibi

10 1705 11 1752 1
78 1724 104 1769 13
166 1685 167 1688 ¹
285 1693 476 1759 Manacarta

79 1829 105 1873 14
286 1797 397 1863 Reehe

79 1932 105 1977 15
287 1900 427 1966 Resama

286 2002 379 2070 Salar

288 2105 396 2175 Carris
445 2132 447 2137 ’

285 2212 400 2278 Batnis
441 2279 443 2284 ,

142 2449 153 2492 1
180 2445 366 2504 messopotamia
383 2445 413 2490 Β.
436 2445 446 2490 ii
466 2447 606 2492 circundant
623 2447 674 2492 B.·
720 2445 734 2491 2
763 2446 839 2506 tygris
856 2447 884 2500 Β,

140 2517 154 2562 Ι
181 2517 289 2562 eufratan
306 2516 335 2561 B.
360 2516 370 2560 ΙΙ
393 2515 480 2564 estem.
499 2519 528 2562 A.
556 2518 565 2563 ii
593 2517 779 2576 Mesopotamia]
798 2529 886 2563 messo-

140 2588 218 2646 pomia
229 2587 259 2632 Β.
306 2585 526 2646 4Mesopotamia]
539 2588 765 2648 messopotamiaB.
812 2589 825 2632 7
846 2589 887 2633 de·

140 2658 230 2717 signare
239 2655 351 2702 volumus
361 2671 405 2702 om.
415 2658 443 2714 B,
457 2661 522 2704 aneta
532 2657 654 2705 includant
666 2657 729 2704 editi.
768 2659 782 2704 8
795 2658 887 2704 Edessa

140 2729 202 2774 editi.
257 2730 271 2774 9
299 2727 449 2774 Minnooerta
465 2729 520 2774 Tab.
544 2741 546 2746 ’
576 2731 607 2775 10
634 2729 704 2785 Bata}
718 2721 809 2798 Βάραε
826 2729 887 2774 Pro-

141 2801 199 2857 copii
217 2799 246 2844 de
264 2798 334 2844 aed!
351 2799 393 2844 aad
410 2801 435 2844 ia
456 2798 546 2845 Tabula
564 2802 625 2846 tuter
643 2799 734 2845 Edessa
752 2805 775 2844 et
791 2799 887 2844 Minno-

141 2875 202 2914 certa
220 2868 308 2930 legitur
326 2869 438 2926 Barbara,
461 2871 521 2915 uada
538 2870 676 2916 Porcderoa
691 2869 811 2916 Barabeta
827 2871 887 2915 aori-

140 2939 234 2985 baadam
253 2954 302 2985 esau
318 2942 451 2998 auspicatus
468 2947 510 2987 eat.
584 2941 614 2987 12
642 2939 722 2986 Nisibi
740 2942 810 2986 etiam
831 2941 886 2986 raa

142 3011 172 3056 13
188 3010 335 3067 Manacartal
349 3005 483 3080 Μάκαρτα
496 3011 590 3057 Notiiia
603 3013 681 3069 eptae„
694 3010 818 3058 Macharta
831 3011 884 3056 Tab.

142 3081 173 3126 14
189 3081 282 3129 Reehei
300 3081 366 3126 Rene
387 3081 442 3126 Ταῦ.
503 3083 533 3128 15
562 3083 676 3138 Reaamal
695 3080 809 3127 Ressaina
831 3081 885 3127 Tot.

140 3154 236 3206 rectius,
262 3144 363 3202 Ῥέσινα
386 3151 465 3210 sapi.
563 3155 593 3198 16
623 3151 703 3209 Salar}
727 3151 800 3198 Sahal
830 3153 885 3198 Tub.

142 3221 172 3266 17
200 3220 279 3267 Carris
292 3224 361 3268 ettam
373 3224 436 3280 Ant,
456 3223 526 3268 tarris
538 3224 567 3279 Β,
588 3223 683 3270 charris
696 3223 753 3268 editt
765 3237 815 3268 oum
829 3223 884 3268 Tot.

143 3293 172 3337 18
199 3291 283 3338 Batnis
301 3295 371 3339 atium
389 3293 453 3350 Tui„
472 3293 546 3339 baina
564 3295 591 3351 A,
609 3293 716 3340 Bathnae
734 3295 789 3344 Aur.
