<?xml version="1.0" encoding="UTF-8"?>
<!DOCTYPE html PUBLIC "-//W3C//DTD XHTML 1.0 Transitional//EN"
    "http://www.w3.org/TR/xhtml1/DTD/xhtml1-transitional.dtd">
<html xmlns="http://www.w3.org/1999/xhtml" xml:lang="en" lang="en">
 <head>
  <title>
</title>
<meta http-equiv="Content-Type" content="text/html;charset=utf-8" />
  <meta name='ocr-system' content='tesseract 3.04.00' />
  <meta name='ocr-capabilities' content='ocr_page ocr_carea ocr_par ocr_line ocrx_word'/>
</head>
<body>
  <div class='ocr_page' id='page_1' title='image "./ravennatisanony02ravegoog/ravennatisanony02ravegoog_0026.png"; bbox 0 0 2314 3840; ppageno 0'>
   <div class='ocr_carea' id='block_1_1' title="bbox 453 319 938 360">
    <p class='ocr_par' dir='ltr' id='par_1_1' title="bbox 453 319 938 360">
     <span class='ocr_line' id='line_1_1' title="bbox 453 319 938 360; baseline 0 -8"><span class='ocrx_word' id='word_1_1' title='bbox 453 319 602 354; x_wconf 67' lang='lat' dir='ltr'><strong>rasurum.</strong></span> <span class='ocrx_word' id='word_1_2' title='bbox 872 319 938 360; x_wconf 71' lang='lat' dir='ltr'><strong>xm</strong></span> 
     </span>
    </p>
   </div>
   <div class='ocr_carea' id='block_1_2' title="bbox 103 459 937 885">
    <p class='ocr_par' dir='ltr' id='par_1_2' title="bbox 103 459 937 885">
     <span class='ocr_line' id='line_1_2' title="bbox 103 459 936 557; baseline 0.007 -33"><span class='ocrx_word' id='word_1_3' title='bbox 103 468 198 545; x_wconf 83' lang='lat' dir='ltr'><strong>ptus,</strong></span> <span class='ocrx_word' id='word_1_4' title='bbox 220 459 362 544; x_wconf 89' lang='lat' dir='ltr'><strong>ideoque</strong></span> <span class='ocrx_word' id='word_1_5' title='bbox 377 483 397 524; x_wconf 88' lang='lat' dir='ltr'><strong>a</strong></span> <span class='ocrx_word' id='word_1_6' title='bbox 416 459 509 557; x_wconf 78' lang='lat' dir='ltr'><strong>nolris</strong></span> <span class='ocrx_word' id='word_1_7' title='bbox 525 463 662 527; x_wconf 87' lang='lat' dir='ltr'><strong>omissus</strong></span> <span class='ocrx_word' id='word_1_8' title='bbox 687 462 739 546; x_wconf 85' lang='lat' dir='ltr'><strong>(p.</strong></span> <span class='ocrx_word' id='word_1_9' title='bbox 757 461 823 529; x_wconf 72' lang='lat'><strong>494</strong></span> <span class='ocrx_word' id='word_1_10' title='bbox 840 486 870 526; x_wconf 90' lang='lat' dir='ltr'><strong>v.</strong></span> <span class='ocrx_word' id='word_1_11' title='bbox 882 465 936 549; x_wconf 73' lang='grc'><strong>7),</strong></span> 
     </span>
     <span class='ocr_line' id='line_1_3' title="bbox 104 571 937 660; baseline 0.005 -23"><span class='ocrx_word' id='word_1_12' title='bbox 104 572 149 637; x_wconf 90' lang='lat' dir='ltr'><strong>de</strong></span> <span class='ocrx_word' id='word_1_13' title='bbox 176 571 321 637; x_wconf 84' lang='lat' dir='ltr'><strong>sedecim</strong></span> <span class='ocrx_word' id='word_1_14' title='bbox 341 572 455 636; x_wconf 89' lang='lat' dir='ltr'><strong>Italiae</strong></span> <span class='ocrx_word' id='word_1_15' title='bbox 483 573 656 656; x_wconf 86' lang='lat' dir='ltr'><strong>provinciis</strong></span> <span class='ocrx_word' id='word_1_16' title='bbox 679 574 763 660; x_wconf 83' lang='lat' dir='ltr'><strong>agit,</strong></span> <span class='ocrx_word' id='word_1_17' title='bbox 793 573 852 639; x_wconf 86' lang='lat' dir='ltr'><strong>sed</strong></span> <span class='ocrx_word' id='word_1_18' title='bbox 874 576 937 641; x_wconf 88' lang='lat' dir='ltr'><strong>alia</strong></span> 
     </span>
     <span class='ocr_line' id='line_1_4' title="bbox 103 682 936 770; baseline 0.005 -22"><span class='ocrx_word' id='word_1_19' title='bbox 103 683 226 748; x_wconf 86' lang='lat' dir='ltr'><strong>Italiae</strong></span> <span class='ocrx_word' id='word_1_20' title='bbox 256 682 373 748; x_wconf 89' lang='lat' dir='ltr'><strong>divisio</strong></span> <span class='ocrx_word' id='word_1_21' title='bbox 406 685 440 748; x_wconf 91' lang='lat' dir='ltr'><strong>in</strong></span> <span class='ocrx_word' id='word_1_22' title='bbox 474 682 663 755; x_wconf 84' lang='lat' dir='ltr'><strong>octodecim¹</strong></span> <span class='ocrx_word' id='word_1_23' title='bbox 682 686 865 770; x_wconf 86' lang='lat' dir='ltr'><strong>provincias</strong></span> <span class='ocrx_word' id='word_1_24' title='bbox 895 685 936 752; x_wconf 83' lang='lat' dir='ltr'><strong>ad</strong></span> 
     </span>
     <span class='ocr_line' id='line_1_5' title="bbox 105 794 934 885; baseline 0.006 -25"><span class='ocrx_word' id='word_1_25' title='bbox 105 805 254 860; x_wconf 85' lang='lat' dir='ltr'><strong>mentem</strong></span> <span class='ocrx_word' id='word_1_26' title='bbox 270 794 469 860; x_wconf 85' lang='lat' dir='ltr'><strong>Ravennatis</strong></span> <span class='ocrx_word' id='word_1_27' title='bbox 484 797 593 880; x_wconf 90' lang='lat' dir='ltr'><strong>paullo</strong></span> <span class='ocrx_word' id='word_1_28' title='bbox 608 797 692 860; x_wconf 87' lang='lat' dir='ltr'><strong>infra</strong></span> <span class='ocrx_word' id='word_1_29' title='bbox 709 797 760 882; x_wconf 83' lang='lat' dir='ltr'><strong>(p.</strong></span> <span class='ocrx_word' id='word_1_30' title='bbox 771 799 830 864; x_wconf 79' lang='lat'><strong>501</strong></span> <span class='ocrx_word' id='word_1_31' title='bbox 851 823 882 861; x_wconf 89' lang='lat' dir='ltr'><strong>v.</strong></span> <span class='ocrx_word' id='word_1_32' title='bbox 893 801 934 885; x_wconf 78' lang='lat'><strong>7)</strong></span> 
     </span>
    </p>
   </div>
   <div class='ocr_carea' id='block_1_3' title="bbox 9 905 603 993">
    <p class='ocr_par' dir='ltr' id='par_1_3' title="bbox 9 905 603 993">
     <span class='ocr_line' id='line_1_6' title="bbox 9 905 603 993; baseline 0.007 -23"><span class='ocrx_word' id='word_1_33' title='bbox 9 969 10 980; x_wconf 62' lang='grc'>,</span> <span class='ocrx_word' id='word_1_34' title='bbox 105 931 128 970; x_wconf 87' lang='lat' dir='ltr'><strong>a</strong></span> <span class='ocrx_word' id='word_1_35' title='bbox 154 905 309 972; x_wconf 86' lang='lat' dir='ltr'><strong>Guidone</strong></span> <span class='ocrx_word' id='word_1_36' title='bbox 331 908 531 993; x_wconf 77' lang='lat' dir='ltr'>proponitur.</span> <span class='ocrx_word' id='word_1_37' title='bbox 599 930 603 938; x_wconf 91' lang='grc'><strong>’</strong></span> 
     </span>
    </p>
   </div>
   <div class='ocr_carea' id='block_1_4' title="bbox 106 1017 1016 1998">
    <p class='ocr_par' dir='ltr' id='par_1_4' title="bbox 106 1017 1013 1438">
     <span class='ocr_line' id='line_1_7' title="bbox 155 1017 933 1112; baseline 0.012 -31"><span class='ocrx_word' id='word_1_38' title='bbox 155 1017 196 1082; x_wconf 90' lang='lat' dir='ltr'><strong>In</strong></span> <span class='ocrx_word' id='word_1_39' title='bbox 220 1017 445 1082; x_wconf 83' lang='lat' dir='ltr'><strong>enumerandis</strong></span> <span class='ocrx_word' id='word_1_40' title='bbox 460 1018 601 1083; x_wconf 79' lang='lat' dir='ltr'><strong>Afficae</strong></span> <span class='ocrx_word' id='word_1_41' title='bbox 616 1021 800 1112; x_wconf 82' lang='lat' dir='ltr'><strong>civitatibus</strong></span> <span class='ocrx_word' id='word_1_42' title='bbox 823 1045 854 1106; x_wconf 92' lang='lat' dir='ltr'><strong>p.</strong></span> <span class='ocrx_word' id='word_1_43' title='bbox 869 1025 933 1090; x_wconf 76' lang='lat'><strong>520</strong></span> 
     </span>
     <span class='ocr_line' id='line_1_8' title="bbox 106 1127 1013 1216; baseline 0.007 -23"><span class='ocrx_word' id='word_1_44' title='bbox 106 1155 141 1193; x_wconf 88' lang='lat' dir='ltr'><strong>v.</strong></span> <span class='ocrx_word' id='word_1_45' title='bbox 157 1131 198 1196; x_wconf 86' lang='lat'><strong>10</strong></span> <span class='ocrx_word' id='word_1_46' title='bbox 215 1137 339 1214; x_wconf 88' lang='lat' dir='ltr'><strong>septem</strong></span> <span class='ocrx_word' id='word_1_47' title='bbox 354 1129 485 1193; x_wconf 89' lang='lat' dir='ltr'><strong>nomina</strong></span> <span class='ocrx_word' id='word_1_48' title='bbox 499 1153 518 1193; x_wconf 91' lang='lat' dir='ltr'><strong>a</strong></span> <span class='ocrx_word' id='word_1_49' title='bbox 534 1127 685 1195; x_wconf 87' lang='lat' dir='ltr'><strong>Guidone</strong></span> <span class='ocrx_word' id='word_1_50' title='bbox 701 1135 829 1215; x_wconf 81' lang='lat' dir='ltr'><strong>omissa,</strong></span> <span class='ocrx_word' id='word_1_51' title='bbox 852 1156 934 1216; x_wconf 89' lang='lat' dir='ltr'><strong>quae</strong></span> <span class='ocrx_word' id='word_1_52' title='bbox 1010 1157 1013 1161; x_wconf 90' lang='grc'><em>·</em></span> 
     </span>
     <span class='ocr_line' id='line_1_9' title="bbox 107 1239 935 1328; baseline 0.005 -22"><span class='ocrx_word' id='word_1_53' title='bbox 107 1251 221 1306; x_wconf 88' lang='lat' dir='ltr'><strong>tamen</strong></span> <span class='ocrx_word' id='word_1_54' title='bbox 237 1239 325 1325; x_wconf 92' lang='lat' dir='ltr'><strong>apud</strong></span> <span class='ocrx_word' id='word_1_55' title='bbox 339 1240 561 1305; x_wconf 87' lang='lat' dir='ltr'><strong>Ravennatem</strong></span> <span class='ocrx_word' id='word_1_56' title='bbox 575 1241 737 1328; x_wconf 78' lang='lat' dir='ltr'><strong>leguntur,</strong></span> <span class='ocrx_word' id='word_1_57' title='bbox 759 1245 793 1308; x_wconf 89' lang='lat' dir='ltr'><strong>in</strong></span> <span class='ocrx_word' id='word_1_58' title='bbox 809 1242 935 1310; x_wconf 87' lang='lat' dir='ltr'><strong>Guido-</strong></span> 
     </span>
     <span class='ocr_line' id='line_1_10' title="bbox 108 1347 599 1438; baseline 0 -22"><span class='ocrx_word' id='word_1_59' title='bbox 108 1353 161 1418; x_wconf 87' lang='lat' dir='ltr'><strong>nis</strong></span> <span class='ocrx_word' id='word_1_60' title='bbox 184 1362 373 1438; x_wconf 87' lang='lat' dir='ltr'><strong>computum</strong></span> <span class='ocrx_word' id='word_1_61' title='bbox 394 1347 599 1418; x_wconf 59' lang='lat' dir='ltr'><strong>adhibenturss</strong></span> 
     </span>
    </p>

    <p class='ocr_par' dir='ltr' id='par_1_5' title="bbox 107 1463 1016 1998">
     <span class='ocr_line' id='line_1_11' title="bbox 153 1463 933 1531; baseline 0.001 -1"><span class='ocrx_word' id='word_1_62' title='bbox 153 1465 209 1530; x_wconf 86' lang='lat' dir='ltr'><strong>Ex</strong></span> <span class='ocrx_word' id='word_1_63' title='bbox 231 1465 282 1530; x_wconf 89' lang='lat' dir='ltr'><strong>his</strong></span> <span class='ocrx_word' id='word_1_64' title='bbox 306 1473 339 1529; x_wconf 90' lang='lat' dir='ltr'><strong>et</strong></span> <span class='ocrx_word' id='word_1_65' title='bbox 361 1463 518 1528; x_wconf 86' lang='lat' dir='ltr'>similibus</span> <span class='ocrx_word' id='word_1_66' title='bbox 540 1463 681 1529; x_wconf 86' lang='lat' dir='ltr'>indolem</span> <span class='ocrx_word' id='word_1_67' title='bbox 697 1464 858 1531; x_wconf 89' lang='lat' dir='ltr'><strong>Guidonis</strong></span> <span class='ocrx_word' id='word_1_68' title='bbox 873 1468 933 1531; x_wconf 90' lang='lat' dir='ltr'><strong>mi-</strong></span> 
     </span>
     <span class='ocr_line' id='line_1_12' title="bbox 108 1576 932 1662; baseline 0.002 -22"><span class='ocrx_word' id='word_1_69' title='bbox 108 1599 171 1640; x_wconf 88' lang='lat' dir='ltr'><strong>nus</strong></span> <span class='ocrx_word' id='word_1_70' title='bbox 195 1577 369 1662; x_wconf 82' lang='lat' dir='ltr'><strong>genuinam</strong></span> <span class='ocrx_word' id='word_1_71' title='bbox 391 1597 462 1639; x_wconf 87' lang='lat' dir='ltr'><strong>esse</strong></span> <span class='ocrx_word' id='word_1_72' title='bbox 485 1585 628 1661; x_wconf 85' lang='lat' dir='ltr'><strong>apparet,</strong></span> <span class='ocrx_word' id='word_1_73' title='bbox 655 1586 687 1641; x_wconf 89' lang='lat' dir='ltr'><strong>et</strong></span> <span class='ocrx_word' id='word_1_74' title='bbox 709 1576 932 1642; x_wconf 86' lang='lat' dir='ltr'><strong>Ravennatem</strong></span> 
     </span>
     <span class='ocr_line' id='line_1_13' title="bbox 107 1667 931 1772; baseline 0.002 -19"><span class='ocrx_word' id='word_1_75' title='bbox 107 1711 149 1753; x_wconf 90' lang='lat' dir='ltr'><strong>ne</strong></span> <span class='ocrx_word' id='word_1_76' title='bbox 173 1687 289 1752; x_wconf 86' lang='lat' dir='ltr'><strong>Italiae</strong></span> <span class='ocrx_word' id='word_1_77' title='bbox 311 1685 441 1770; x_wconf 92' lang='lat' dir='ltr'><strong>quidem</strong></span> <span class='ocrx_word' id='word_1_78' title='bbox 464 1667 711 1772; x_wconf 81' lang='lat' dir='ltr'><strong>descriptionem</strong></span> <span class='ocrx_word' id='word_1_79' title='bbox 734 1712 774 1753; x_wconf 88' lang='lat' dir='ltr'><strong>ex</strong></span> <span class='ocrx_word' id='word_1_80' title='bbox 797 1712 834 1754; x_wconf 90' lang='lat' dir='ltr'><strong>eo</strong></span> <span class='ocrx_word' id='word_1_81' title='bbox 852 1690 931 1754; x_wconf 89' lang='lat' dir='ltr'><strong>hau-</strong></span> 
     </span>
     <span class='ocr_line' id='line_1_14' title="bbox 107 1789 1016 1885; baseline 0.002 -21"><span class='ocrx_word' id='word_1_82' title='bbox 107 1801 192 1864; x_wconf 85' lang='lat' dir='ltr'><strong>sisse</strong></span> <span class='ocrx_word' id='word_1_83' title='bbox 220 1800 422 1885; x_wconf 74' lang='lat' dir='ltr'><strong>intelligitur.</strong></span> <span class='ocrx_word' id='word_1_84' title='bbox 473 1821 571 1882; x_wconf 90' lang='lat' dir='ltr'><strong>quare</strong></span> <span class='ocrx_word' id='word_1_85' title='bbox 591 1789 637 1863; x_wconf 50' lang='lat' dir='ltr'><strong>&#39;ea</strong></span> <span class='ocrx_word' id='word_1_86' title='bbox 657 1809 783 1864; x_wconf 84' lang='lat' dir='ltr'><strong>tantum</strong></span> <span class='ocrx_word' id='word_1_87' title='bbox 807 1824 824 1865; x_wconf 91' lang='lat' dir='ltr'><strong>e</strong></span> <span class='ocrx_word' id='word_1_88' title='bbox 848 1800 931 1868; x_wconf 91' lang='lat' dir='ltr'><strong>Gui-</strong></span> <span class='ocrx_word' id='word_1_89' title='bbox 1013 1875 1016 1884; x_wconf 26' lang='lat'><strong><em>⁴</em></strong></span> 
     </span>
     <span class='ocr_line' id='line_1_15' title="bbox 108 1909 929 1998; baseline 0.005 -24"><span class='ocrx_word' id='word_1_90' title='bbox 108 1909 204 1975; x_wconf 89' lang='lat' dir='ltr'><strong>donis</strong></span> <span class='ocrx_word' id='word_1_91' title='bbox 226 1909 328 1993; x_wconf 73' lang='lat' dir='ltr'><strong>libro,</strong></span> <span class='ocrx_word' id='word_1_92' title='bbox 358 1933 439 1994; x_wconf 89' lang='lat' dir='ltr'><strong>quae</strong></span> <span class='ocrx_word' id='word_1_93' title='bbox 462 1910 504 1975; x_wconf 92' lang='lat' dir='ltr'><strong>ad</strong></span> <span class='ocrx_word' id='word_1_94' title='bbox 526 1909 749 1976; x_wconf 86' lang='lat' dir='ltr'><strong>Ravennatem</strong></span> <span class='ocrx_word' id='word_1_95' title='bbox 771 1921 929 1998; x_wconf 83' lang='lat' dir='ltr'><strong>spectant,</strong></span> 
     </span>
    </p>
   </div>
   <div class='ocr_carea' id='block_1_5' title="bbox 105 2019 1014 2220">
    <p class='ocr_par' dir='ltr' id='par_1_6' title="bbox 105 2019 1014 2220">
     <span class='ocr_line' id='line_1_16' title="bbox 105 2019 1014 2109; baseline 0.002 -23"><span class='ocrx_word' id='word_1_96' title='bbox 105 2045 175 2087; x_wconf 91' lang='lat' dir='ltr'><strong>non</strong></span> <span class='ocrx_word' id='word_1_97' title='bbox 197 2046 326 2087; x_wconf 90' lang='lat' dir='ltr'><strong>omnem</strong></span> <span class='ocrx_word' id='word_1_98' title='bbox 345 2023 539 2109; x_wconf 82' lang='lat' dir='ltr'><strong>farraginem</strong></span> <span class='ocrx_word' id='word_1_99' title='bbox 561 2019 747 2088; x_wconf 89' lang='lat' dir='ltr'><strong>aGuidone</strong></span> <span class='ocrx_word' id='word_1_100' title='bbox 771 2027 930 2090; x_wconf 88' lang='lat' dir='ltr'><strong>consaroi-</strong></span> <span class='ocrx_word' id='word_1_101' title='bbox 1012 2085 1014 2088; x_wconf 79' lang='grc'>,</span> 
     </span>
     <span class='ocr_line' id='line_1_17' title="bbox 106 2132 905 2220; baseline 0.003 -22"><span class='ocrx_word' id='word_1_102' title='bbox 106 2143 219 2198; x_wconf 90' lang='lat' dir='ltr'><strong>natam</strong></span> <span class='ocrx_word' id='word_1_103' title='bbox 233 2132 409 2198; x_wconf 88' lang='lat' dir='ltr'><strong>lectoribus</strong></span> <span class='ocrx_word' id='word_1_104' title='bbox 424 2156 602 2220; x_wconf 91' lang='lat' dir='ltr'><strong>proponere</strong></span> <span class='ocrx_word' id='word_1_105' title='bbox 614 2134 714 2199; x_wconf 86' lang='lat' dir='ltr'><strong>satius</strong></span> <span class='ocrx_word' id='word_1_106' title='bbox 726 2135 905 2202; x_wconf 86' lang='lat' dir='ltr'><strong>habuimus.</strong></span> 
     </span>
    </p>
   </div>
   <div class='ocr_carea' id='block_1_6' title="bbox 16 2357 937 3226">
    <p class='ocr_par' dir='ltr' id='par_1_7' title="bbox 16 2357 937 3111">
     <span class='ocr_line' id='line_1_18' title="bbox 152 2357 928 2447; baseline 0.005 -26"><span class='ocrx_word' id='word_1_107' title='bbox 152 2357 192 2421; x_wconf 88' lang='lat' dir='ltr'><strong>In</strong></span> <span class='ocrx_word' id='word_1_108' title='bbox 214 2357 313 2423; x_wconf 90' lang='lat' dir='ltr'><strong>rebus</strong></span> <span class='ocrx_word' id='word_1_109' title='bbox 336 2357 560 2444; x_wconf 80' lang='lat' dir='ltr'><strong>geographicis</strong></span> <span class='ocrx_word' id='word_1_110' title='bbox 583 2358 781 2444; x_wconf 84' lang='lat' dir='ltr'><strong>explicandis</strong></span> <span class='ocrx_word' id='word_1_111' title='bbox 804 2359 838 2423; x_wconf 93' lang='lat' dir='ltr'><strong>id</strong></span> <span class='ocrx_word' id='word_1_112' title='bbox 861 2363 928 2447; x_wconf 84' lang='lat' dir='ltr'><strong>egi-</strong></span> 
     </span>
     <span class='ocr_line' id='line_1_19' title="bbox 106 2455 927 2553; baseline 0.001 -19"><span class='ocrx_word' id='word_1_113' title='bbox 106 2455 180 2535; x_wconf 85' lang='lat' dir='ltr'><strong>mus</strong></span> <span class='ocrx_word' id='word_1_114' title='bbox 203 2480 252 2552; x_wconf 82' lang='lat' dir='ltr'><strong>ut,</strong></span> <span class='ocrx_word' id='word_1_115' title='bbox 275 2492 357 2553; x_wconf 91' lang='lat' dir='ltr'><strong>quae</strong></span> <span class='ocrx_word' id='word_1_116' title='bbox 379 2470 555 2535; x_wconf 89' lang='lat' dir='ltr'><strong>Itinerariis</strong></span> <span class='ocrx_word' id='word_1_117' title='bbox 578 2479 611 2534; x_wconf 87' lang='lat' dir='ltr'><strong>et</strong></span> <span class='ocrx_word' id='word_1_118' title='bbox 630 2469 773 2534; x_wconf 86' lang='lat' dir='ltr'><strong>Tabulae</strong></span> <span class='ocrx_word' id='word_1_119' title='bbox 794 2471 927 2535; x_wconf 87' lang='lat' dir='ltr'><strong>Peutin-</strong></span> 
     </span>
     <span class='ocr_line' id='line_1_20' title="bbox 106 2581 926 2669; baseline 0 -23"><span class='ocrx_word' id='word_1_120' title='bbox 106 2605 248 2669; x_wconf 87' lang='lat' dir='ltr'><strong>geranae</strong></span> <span class='ocrx_word' id='word_1_121' title='bbox 264 2603 338 2646; x_wconf 93' lang='lat' dir='ltr'><strong>cum</strong></span> <span class='ocrx_word' id='word_1_122' title='bbox 352 2581 535 2646; x_wconf 86' lang='lat' dir='ltr'><strong>Ravennati</strong></span> <span class='ocrx_word' id='word_1_123' title='bbox 550 2582 730 2646; x_wconf 91' lang='lat' dir='ltr'><strong>communia</strong></span> <span class='ocrx_word' id='word_1_124' title='bbox 745 2590 863 2664; x_wconf 80' lang='lat' dir='ltr'><strong>essent,</strong></span> <span class='ocrx_word' id='word_1_125' title='bbox 877 2583 926 2646; x_wconf 92' lang='lat' dir='ltr'><strong>in-</strong></span> 
     </span>
     <span class='ocr_line' id='line_1_21' title="bbox 30 2691 926 2776; baseline 0.001 -18"><span class='ocrx_word' id='word_1_126' title='bbox 30 2757 34 2765; x_wconf 86' lang='grc'>,</span> <span class='ocrx_word' id='word_1_127' title='bbox 106 2693 290 2758; x_wconf 87' lang='lat' dir='ltr'><strong>dicaremus</strong></span> <span class='ocrx_word' id='word_1_128' title='bbox 313 2694 435 2774; x_wconf 83' lang='lat' dir='ltr'><strong>omnia,</strong></span> <span class='ocrx_word' id='word_1_129' title='bbox 464 2715 504 2756; x_wconf 87' lang='lat' dir='ltr'><strong>ex</strong></span> <span class='ocrx_word' id='word_1_130' title='bbox 525 2691 657 2776; x_wconf 88' lang='lat' dir='ltr'><strong>reliquis</strong></span> <span class='ocrx_word' id='word_1_131' title='bbox 679 2693 865 2758; x_wconf 88' lang='lat' dir='ltr'><strong>auctoribus</strong></span> <span class='ocrx_word' id='word_1_132' title='bbox 888 2717 926 2759; x_wconf 87' lang='lat' dir='ltr'><strong>ea</strong></span> 
     </span>
     <span class='ocr_line' id='line_1_22' title="bbox 16 2789 924 2889; baseline 0.001 -19"><span class='ocrx_word' id='word_1_133' title='bbox 16 2789 20 2796; x_wconf 31' lang='grc' dir='ltr'>Ι</span> <span class='ocrx_word' id='word_1_134' title='bbox 105 2815 235 2870; x_wconf 90' lang='lat' dir='ltr'><strong>tantum</strong></span> <span class='ocrx_word' id='word_1_135' title='bbox 269 2828 351 2889; x_wconf 90' lang='lat' dir='ltr'><strong>quae</strong></span> <span class='ocrx_word' id='word_1_136' title='bbox 379 2804 496 2869; x_wconf 89' lang='lat' dir='ltr'><strong>idonea</strong></span> <span class='ocrx_word' id='word_1_137' title='bbox 521 2803 716 2868; x_wconf 83' lang='lat' dir='ltr'><strong>viderentur.</strong></span> <span class='ocrx_word' id='word_1_138' title='bbox 764 2802 924 2871; x_wconf 87' lang='lat' dir='ltr'><strong>Guidonis</strong></span> 
     </span>
     <span class='ocr_line' id='line_1_23' title="bbox 105 2913 937 3009; baseline 0 -28"><span class='ocrx_word' id='word_1_139' title='bbox 105 2918 237 2982; x_wconf 88' lang='lat' dir='ltr'><strong>nonnisi</strong></span> <span class='ocrx_word' id='word_1_140' title='bbox 252 2939 307 2988; x_wconf 88' lang='lat' dir='ltr'><strong>eas</strong></span> <span class='ocrx_word' id='word_1_141' title='bbox 320 2917 507 3009; x_wconf 79' lang='lat' dir='ltr'><strong>particulas,</strong></span> <span class='ocrx_word' id='word_1_142' title='bbox 529 2936 610 2998; x_wconf 87' lang='lat' dir='ltr'><strong>quae</strong></span> <span class='ocrx_word' id='word_1_143' title='bbox 625 2915 659 2980; x_wconf 88' lang='lat' dir='ltr'><strong>in</strong></span> <span class='ocrx_word' id='word_1_144' title='bbox 673 2915 855 2980; x_wconf 85' lang='lat' dir='ltr'><strong>Ravennati</strong></span> <span class='ocrx_word' id='word_1_145' title='bbox 869 2913 937 2981; x_wconf 52' lang='lat' dir='ltr'><strong>de?</strong></span> 
     </span>
     <span class='ocr_line' id='line_1_24' title="bbox 105 3028 710 3111; baseline -0.005 -18"><span class='ocrx_word' id='word_1_146' title='bbox 105 3028 342 3111; x_wconf 73' lang='lat' dir='ltr'><strong>desiderantur,</strong></span> <span class='ocrx_word' id='word_1_147' title='bbox 364 3029 449 3094; x_wconf 89' lang='lat' dir='ltr'><strong>notis</strong></span> <span class='ocrx_word' id='word_1_148' title='bbox 471 3028 710 3093; x_wconf 88' lang='lat' dir='ltr'><strong>illustravimus.</strong></span> 
     </span>
    </p>

    <p class='ocr_par' dir='ltr' id='par_1_8' title="bbox 149 3137 923 3226">
     <span class='ocr_line' id='line_1_25' title="bbox 149 3137 923 3226; baseline -0.006 -18"><span class='ocrx_word' id='word_1_149' title='bbox 149 3142 254 3208; x_wconf 88' lang='lat' dir='ltr'><strong>Maris</strong></span> <span class='ocrx_word' id='word_1_150' title='bbox 270 3141 432 3206; x_wconf 92' lang='lat' dir='ltr'><strong>Adriatici</strong></span> <span class='ocrx_word' id='word_1_151' title='bbox 447 3139 705 3226; x_wconf 83' lang='lat' dir='ltr'><strong>descriptionem,</strong></span> <span class='ocrx_word' id='word_1_152' title='bbox 727 3137 769 3202; x_wconf 91' lang='lat' dir='ltr'><strong>ad</strong></span> <span class='ocrx_word' id='word_1_153' title='bbox 784 3148 923 3203; x_wconf 87' lang='lat' dir='ltr'><strong>mentem</strong></span> 
     </span>
    </p>
   </div>
   <div class='ocr_carea' id='block_1_7' title="bbox 106 3250 923 3404">
    <p class='ocr_par' dir='ltr' id='par_1_9' title="bbox 106 3250 923 3404">
     <span class='ocr_line' id='line_1_26' title="bbox 106 3250 923 3337; baseline -0.005 -17"><span class='ocrx_word' id='word_1_154' title='bbox 106 3254 306 3320; x_wconf 86' lang='lat' dir='ltr'><strong>Ravennatis</strong></span> <span class='ocrx_word' id='word_1_155' title='bbox 330 3255 509 3319; x_wconf 87' lang='lat' dir='ltr'><strong>confectam</strong></span> <span class='ocrx_word' id='word_1_156' title='bbox 533 3261 565 3317; x_wconf 91' lang='lat' dir='ltr'><strong>et</strong></span> <span class='ocrx_word' id='word_1_157' title='bbox 587 3251 756 3337; x_wconf 90' lang='lat' dir='ltr'><strong>multiplici</strong></span> <span class='ocrx_word' id='word_1_158' title='bbox 778 3250 923 3316; x_wconf 88' lang='lat' dir='ltr'><strong>doctrina</strong></span> 
     </span>
     <span class='ocr_line' id='line_1_27' title="bbox 740 3375 771 3404; baseline 0 0"><span class='ocrx_word' id='word_1_159' title='bbox 740 3375 771 3404; x_wconf 59' lang='lat' dir='ltr'><strong>s*</strong></span> 
     </span>
    </p>
   </div>
   <div class='ocr_carea' id='block_1_8' title="bbox 0 0 1165 3840">
    <p class='ocr_par' dir='ltr' id='par_1_10' title="bbox 0 0 1165 3840">
     <span class='ocr_line' id='line_1_28' title="bbox 0 0 1165 3840; baseline 0 0"><span class='ocrx_word' id='word_1_160' title='bbox 0 0 1165 3840; x_wconf 95' lang='lat' dir='ltr'><strong> </strong></span> 
     </span>
    </p>
   </div>
  </div>
 </body>
</html>
