2198 3840
54 329 123 377 vu

10 523 11 528 η
71 499 82 542 1
251 475 378 559 Apsum

10 597 11 604 ¹
67 600 83 643 a
251 573 390 644 Genesis

10 713 11 720 1
66 703 81 745 a
250 678 462 745 Durachium.

64 805 81 848 4
150 796 180 860 Α
210 819 309 884 supra
331 798 453 885 scripta
478 797 609 863 civitate
622 812 713 882 ¹quae
735 795 854 863 dicitur

64 907 78 952 ⁵
107 899 232 966 Larissa
254 900 341 966 circa
362 901 433 986 ipsa
452 900 548 966 litora
570 901 667 967 maris
691 900 853 986 usquead

63 1013 77 1058 ⁶
107 1003 264 1068 civitatem
280 997 853 1088 quaenominaturDuraohiumsurit

62 1117 76 1160 ⁷
106 1107 248 1172 civitates
260 1106 429 1199 sexaginia
443 1131 509 1173 una
523 1116 556 1172 ei
565 1117 781 1194 supputantur
794 1109 854 1172 mi·

60 1219 75 1262 8
104 1211 192 1276 liaria
213 1209 301 1274 mille
324 1207 505 1275 duodecim.

4 1379 5 1386 ,
60 1323 74 1365 ⁹
133 1313 184 1381 14.
229 1312 353 1378 Iterum
375 1313 489 1379 civitas
510 1313 642 1379 Lissum

44 1425 73 1470 ¹⁰
252 1414 388 1484 Scodm's

42 1530 70 1573 11
250 1519 360 1584 Butua

42 1632 71 1678 12
251 1619 446 1687 Decadoroir

41 1737 70 1782 10
250 1725 400 1790 Bicinion

41 1846 71 1890 14
251 1829 432 1916 Epitauron

41 1950 68 1994 rs
253 1931 421 1998 Assidium

40 2055 68 2102 lo
251 2035 424 2102 Bretorum

104 2264 115 2307 1
140 2260 237 2308 Absura
255 2260 306 2307 206
326 2260 368 2307 11.
423 2261 438 2306 2
462 2259 562 2307 Genesis
580 2259 604 2306 fl.
626 2260 682 2306 Ταῦ.
738 2263 752 2308 3
776 2261 853 2310 Dura-

58 2363 61 2370 ·
101 2332 182 2378 chium
199 2333 272 2377 etiam
289 2329 357 2392 infra
375 2337 398 2377 ee
416 2331 467 2377 206
486 2331 528 2389 15,
553 2331 702 2391 Dyraohium
720 2331 784 2389 editi,
803 2333 854 2392 epi·

101 2403 189 2450 daurus
216 2415 277 2460 quae
305 2415 369 2448 nunc
396 2401 531 2448 dirachium
558 2401 668 2460 (additis
694 2401 793 2459 maltis)
825 2403 851 2450 G.

102 2474 116 2521 ὁ
135 2473 221 2520 littora
231 2471 281 2518 BG.
320 2473 333 2518 7
353 2473 479 2531 sexaginta
490 2475 546 2530 una]
564 2475 741 2531 maecenates,
761 2487 815 2520 cxu
828 2471 852 2520 0.

100 2545 110 2590 ΙΙ
123 2542 238 2590 milliaria
258 2541 282 2589 0.
355 2543 369 2588 8
398 2543 539 2600 duodecim]
562 2542 643 2590 1110.
680 2545 690 2590 ΙΙ
719 2549 777 2604 post
794 2545 854 2590 duo·

100 2615 179 2661 decim
209 2611 228 2660 G
253 2611 310 2659 odd.
337 2611 448 2660 civitates
475 2615 521 2660 iste
547 2617 604 2660 sunt
629 2627 689 2660 cxx.
751 2617 765 2662 9
794 2615 854 2660 ciri·

100 2690 162 2731 tates
180 2683 226 2730 ΑΒ
244 2683 309 2730 editi.
336 2683 346 2730 0
371 2681 467 2730 Lissum
488 2685 559 2730 etiam
584 2684 634 2730 206
654 2684 688 2729 17
693 2702 702 2742 ,-
728 2692 783 2745 onte
800 2685 853 2732 Lis-

100 2769 153 2802 sum
178 2753 199 2800 G
221 2753 290 2800 addit
307 2755 421 2813 pianum,
448 2760 506 2813 post
522 2754 619 2802 Lissum
643 2753 750 2802 Gaddir
773 2757 853 2803 diode.

102 2827 133 2871 10
153 2824 238 2872 scodra
256 2823 304 2881 AC,
324 2824 416 2872 Scodra
432 2825 496 2884 Aac,
516 2824 607 2872 Scobro
629 2825 694 2884 Tab„
721 2827 806 2874 codras
825 2825 852 2884 G,

99 2909 162 2942 maso
180 2893 284 2942 Scirtari.
358 2895 388 2941 11
417 2895 498 2942 Butua
525 2898 596 2942 etiam
614 2897 665 2944 208
685 2898 707 2954 0,
727 2897 852 2954 bisonas,

99 2967 184 3013 budua
203 2963 230 3012 G.
287 2965 318 3010 12
342 2965 485 3012 Decedaron
503 2965 555 3012 208
575 2966 589 3010 7
608 2973 631 3013 et
650 2967 677 3014 G.
734 2969 765 3014 13
793 2968 854 3014 bizi-

99 3037 158 3084 uion
175 3034 228 3092 Ac,
257 3033 399 3082 Buccinium
423 3037 474 3082 208
494 3037 509 3082 8
528 3043 550 3082 et
570 3037 602 3094 G,
628 3037 670 3084 sed
687 3041 758 3098 ponit
779 3053 854 3098 supra

96 3114 154 3167 post
172 3105 283 3153 Scodras.
339 3109 371 3153 14
398 3112 532 3167 epytauron
544 3106 593 3164 Bc,
612 3107 756 3166 Epitaurum
774 3109 799 3155 id
817 3114 854 3156 est

99 3177 233 3238 Bergusium
246 3174 297 3222 208
316 3177 357 3235 10,
377 3179 512 3238 epitasi-um
524 3177 566 3222 ubi
578 3191 642 3223 nunc
654 3177 810 3226 est'ratisimn
824 3179 853 3226 G.

101 3251 134 3295 10
152 3247 242 3316 ὶΖίἀίοι]
255 3245 306 3292 208
325 3247 367 3293 12.
417 3250 448 3294 16
462 3248 608 3307 praetorium
622 3247 649 3305 G,
662 3249 792 3298 bretorium
801 3248 853 3306 AC,-

102 3318 170 3366 ioan
189 3317 242 3364 loco
260 3317 312 3364 208
330 3317 364 3364 10
386 3317 482 3365 Pardua
499 3319 524 3365 id
542 3324 579 3366 est
596 3317 715 3367 Stamnes.
