2198 3840
7 9 116 149 1·

65 269 142 304 ormo
161 259 175 304 ³
613 287 616 294 ·
831 259 881 311 451

81 427 93 470 1
129 403 264 466 hominis
280 403 335 484 ait,
351 403 457 488 ipsum
473 401 568 468 deum
579 425 687 468 rerum
700 413 876 470 creatorem

80 529 94 574 a
129 504 247 570 dixisse
279 527 364 586 ,uon
386 514 436 570 est
457 505 594 588 bonum,
623 507 785 572 hominem
808 531 878 602 esse

80 629 93 676 a
129 609 247 688 solum3
276 609 431 674 faciamus
460 610 490 674 ei
518 609 713 675 adiutorium
743 611 876 676 simile.“

7 705 14 714 '
78 724 94 770 4
127 735 184 798 per
206 712 294 796 quod
314 711 430 798 probat
444 722 477 777 et
492 713 642 792 ostendit,
666 735 878 798 unumquem-

79 831 92 876 o
129 838 189 900 que
211 817 376 881 hominum
400 816 513 880 ceteris
536 817 718 882 hominibus
740 818 830 882 nasci
846 827 878 882 et

79 937 92 981 c
128 920 173 984 eis
196 919 313 984 debere
335 920 487 983 officium.

79 1039 92 1084 ⁷
158 1023 190 1090 3.
234 1021 333 1088 Unde
352 1045 412 1108 ego
424 1020 534 1087 Guido
545 1021 696 1088 inductus
706 1047 764 1109 pro
776 1025 878 1088 scien-

78 1141 92 1187 8
126 1129 172 1191 tia
186 1149 258 1191 mea
274 1135 306 1189 et
320 1125 442 1190 viribus
454 1126 552 1190 statui
562 1127 597 1190 in
608 1127 738 1191 humaui
750 1127 876 1214 generis

78 1248 91 1292 a
127 1231 314 1296 societatem
330 1237 362 1292 et
376 1229 461 1293 vitae
477 1231 732 1295 communionem
745 1252 878 1314 operum

61 1354 91 1400 10
127 1343 159 1398 ct
181 1332 362 1399 studiorum
384 1356 527 1397 meorum
549 1333 710 1416 quandam
733 1333 877 1397 conferre

61 1459 90 1503 11
125 1437 317 1523 particulam
337 1435 436 1522 longo
459 1437 671 1519 conquisitam
692 1436 813 1516 labore,
840 1443 877 1497 ut

60 1560 91 1605 12
128 1565 237 1606 eorum
266 1540 322 1624 qui
356 1538 397 1603 de
430 1539 546 1604 officiis
578 1541 734 1626 scripsere
762 1537 876 1604 studiis

60 1664 91 1709 13
128 1642 339 1724 concordans,
357 1666 391 1706 re
404 1642 474 1728 ipsa
486 1653 518 1708 et
530 1643 681 1708 exercitio
694 1644 771 1710 etin
785 1665 876 1728 prae-

59 1771 92 1815 14
127 1749 210 1812 senti
232 1756 265 1812 et
287 1754 410 1811 ceteros
431 1769 502 1811 meo
517 1748 649 1812 incitem
664 1747 820 1832 exemplo,
843 1755 875 1810 et

59 1872 90 1919 15
125 1853 159 1916 in
181 1851 290 1916 futuro
314 1847 356 1914 ad
378 1847 465 1934 quod
479 1849 589 1916 laboro
605 1860 637 1916 ct
652 1850 784 1916 intendo
800 1872 875 1914 con-

58 1978 89 2023 lo
125 1977 243 2038 sequar
263 1954 449 2038 praemium.

160 2178 253 2224 codices
270 2175 343 2238 bfmr.

128 2287 140 2328 1
169 2283 274 2330 hominis
304 2284 393 2329 evaciri.
422 2285 447 2329 in
474 2283 496 2330 b.
585 2285 601 2330 4
628 2298 813 2344 unumquenque
842 2301 872 2331 m.

127 2353 141 2400 5
170 2355 269 2400 caeteris
295 2369 317 2398 r.
391 2355 404 2400 6
433 2355 479 2411 eisl
507 2355 558 2401 eius
584 2370 607 2401 r.
680 2357 694 2404 7
722 2355 826 2402 sciencia
845 2355 871 2416 f.

126 2427 140 2471 9
168 2425 335 2470 comunionem
356 2421 397 2486 fr.
488 2426 518 2470 12
546 2425 642 2485 scripsit
661 2425 740 2486 (corr.
759 2425 792 2472 al.
810 2442 872 2472 man.

123 2496 284 2555 scripserunt)
303 2511 332 2542 m.
389 2497 419 2542 13
449 2497 566 2542 exercicio
586 2494 612 2557 f
668 2497 699 2542 14
728 2501 833 2542 caeteros
850 2511 870 2542 r.

124 2566 134 2612 ii
148 2569 214 2622 meo]
233 2567 304 2612 modo
322 2581 367 2611 mr.
423 2567 454 2612 16
482 2567 511 2612 In
529 2565 560 2627 bf
573 2573 702 2627 sequuntur
719 2566 777 2613 baec

143 2688 155 2725 1
211 2671 304 2718 Primus
321 2671 384 2717 liber
402 2671 627 2730 continenciam,
646 2673 717 2719 nrbes
735 2678 759 2718 et
776 2674 873 2732 provin-

142 2755 156 2794 α
176 2742 225 2789 cias
243 2741 321 2799 Italic,
341 2745 365 2788 et
381 2741 515 2799 &menam
532 2743 664 2788 historiam.

142 2829 156 2866 ³
212 2812 334 2859 Secundus
347 2813 377 2860 de
388 2814 468 2873 regnis
479 2813 612 2871 militieque
629 2812 763 2870 vocabulis,
782 2815 812 2860 de
824 2814 873 2859 edi-

143 2901 154 2936 4
175 2884 236 2929 ficiis
253 2883 365 2942 publicis,
393 2885 422 2930 do
445 2883 597 2941 habitaculis,
626 2885 655 2930 de
673 2885 774 2942 civibus,
802 2889 826 2930 et
843 2886 872 2930 de

142 2971 154 3008 5
175 2953 260 3000 anulis.

141 3041 155 3078 0·
210 3025 304 3071 Tertius
322 3025 351 3070 de
370 3024 487 3070 divisione
506 3024 578 3082 orbis,
602 3025 632 3070 de
648 3024 715 3082 Asia,
734 3027 763 3071 de
782 3025 870 3083 Africa,

140 3109 152 3148 τ
174 3095 203 3141 de
216 3095 321 3154 Europa,
340 3094 655 3154 nominaphilosopbornm,
674 3097 779 3142 demere
798 3097 872 3142 medi·

174 3249 324 3302 litalums.
377 3249 522 3300 eminusque
531 3247 556 3301 f.
608 3247 748 3335 Sterciuqs.

672 3321 702 3360 29
