2314 3840
451 311 601 346 Putaram.
903 307 936 348 1¹

110 455 220 537 „Eine
244 452 306 520 HS
337 452 395 518 des
419 453 634 542 Geographus
657 451 829 517 Ravennae
852 452 936 517 nach

107 567 158 631 H.
183 565 392 652 Herrberger
419 564 488 630 und
510 565 611 630 Zeuss
639 563 843 628 verktussioh
871 586 936 628 von

108 675 229 744 Seiten
245 679 333 742 eines
350 673 474 742 Grafen
487 677 587 762 Luigi
601 674 641 739 de
657 675 794 762 Angelis
809 675 843 738 in
857 675 937 740 Fer-

109 813 191 854 rara
202 789 307 876 (Aug.
319 787 453 874 1838)“.
492 786 550 852 sed
573 809 675 870 neque
691 786 787 851 huius
802 787 936 852 notitiae
998 807 1000 813 ·

112 900 306 966 auctoribus
328 900 546 986 interrogatio,
568 921 673 982 neque
686 897 804 962 litteris
820 896 937 962 dehac

111 1035 152 1076 re
174 1013 357 1078 Ferrariam
379 1012 485 1076 missis
509 1009 686 1095 quidquam
706 1009 913 1093 profecimus·

162 1124 282 1188 Paucis
304 1121 476 1187 dicendum
502 1130 552 1187 est
580 1121 621 1186 de
650 1119 761 1185 codice
782 1118 937 1186 Leidensi

115 1235 161 1300 ab
183 1235 371 1300 Abrahamo
386 1232 552 1300 Gronovio
574 1257 658 1298 anno
684 1235 768 1301 1722
790 1232 825 1296 in
847 1231 938 1296 auxi-

115 1348 199 1412 lium
213 1356 340 1411 vocato.
382 1345 477 1410 huius
501 1345 623 1411 codicis
637 1342 830 1430 inspiciendi
845 1342 938 1428 copia

117 1458 213 1524 nobis
241 1459 330 1522 facta
362 1466 412 1522 est
442 1455 643 1544 benignitate
670 1454 805 1543 Georgii
829 1455 937 1519 Pertz.

117 1571 295 1656 inscriptus
325 1577 375 1633 est
404 1569 476 1650 „Ex
496 1569 700 1634 Bibliotheca
721 1567 794 1633 Viri
814 1565 937 1630 Illustr.

116 1665 226 1746 Isaaci
240 1679 352 1745 Vossii
375 1678 471 1746 208.“
496 1689 546 1745 est
569 1680 767 1761 chartaceum
788 1677 938 1743 foliorum

119 1794 173 1874 76,
197 1816 217 1856 a
240 1791 364 1856 recenti
386 1813 483 1854 manu
505 1792 633 1857 saeculo
655 1811 713 1856 xvu
736 1791 814 1857 satis
836 1787 938 1854 nitide

17 1903 23 1912 ’
118 1903 335 1989 conscriptus.
392 1925 486 1986 quem
522 1904 760 1989 cumprimum
788 1910 938 1967 excutere

116 2016 310 2101 incepimus,
332 2013 478 2078 nonnihil
498 2015 663 2099 proprium
686 2015 716 2078 ei
736 2015 842 2080 inesse
864 2035 939 2078 cen-

118 2128 261 2208 suimuS,
288 2124 484 2211 procedente
512 2135 620 2190 autem
646 2125 756 2191 labore
786 2125 939 2213 cognovi-

117 2261 191 2304 mus
215 2261 290 2302 eum
314 2235 435 2302 codicis
450 2239 564 2302 Besso
586 2238 817 2325 apographum.
852 2235 939 2321 quod
967 2269 970 2276 ·

118 2373 195 2416 cum
216 2349 329 2414 multis
352 2349 432 2414 locis
455 2350 582 2414 auctius
605 2360 690 2414 esset
705 2350 844 2414 editione
858 2349 940 2413 Ροῐ-Ι

118 2461 325 2543 cheroniam,
347 2483 412 2525 non
433 2462 550 2526 mirum
572 2469 622 2526 est
643 2460 844 2527 Gronovium
865 2459 939 2526 ideo

117 2575 154 2638 in
183 2595 325 2638 errorem
352 2571 538 2655 inductum,
572 2572 717 2638 codicem
744 2597 764 2638 a
791 2572 939 2637 Parisino

118 2684 284 2750 diverrum
306 2693 446 2749 tractare
469 2683 531 2748 sibi
552 2685 657 2750 visum
680 2707 761 2750 esse.
805 2685 939 2748 lacunae

117 2797 204 2862 enim
218 2797 254 2860 in
268 2793 483 2861 Porcheronis
498 2794 637 2861 editione
652 2795 765 2875 obviae
778 2796 813 2860 in
829 2795 940 2861 codice

117 2907 268 2973 Parisino
283 2929 349 2972 non
364 2916 486 2996 extant,
501 2907 560 2973 sed
573 2908 715 2972 incuriae
725 2907 939 2973 Poroheronis

118 3017 327 3106 imputandae
350 3027 440 3098 aunt3
464 3041 545 3102 quae
567 3028 675 3083 autem
696 3019 731 3084 in
751 3018 862 3084 codice
876 3019 940 3084 Pa·

118 3131 219 3196 risino
241 3153 277 3195 re
299 3153 377 3195 vera
398 3131 599 3213 omittuntur,
623 3153 661 3195 ea
683 3131 790 3196 omnia
811 3131 845 3195 in
864 3130 941 3195 Lei-

120 3241 213 3310 densi
236 3265 366 3327 quoque
388 3242 572 3330 apographo
594 3241 721 3326 desunt,
740 3267 772 3308 v.
786 3265 817 3331 g.
833 3243 939 3328 pata
