2198 3840
72 343 161 392 vn

92 515 106 558 1

66 613 106 674 ,a

89 718 106 762 a

87 820 106 864 4

89 921 105 966 5

89 1027 106 1070 6

90 1129 107 1172 7

88 1231 107 1275 a

90 1335 106 1380 a

72 1437 106 1481 10

73 1541 106 1584 11

72 1641 107 1686 12

73 1747 108 1791 13

72 1849 109 1894 14

74 1950 107 1996 15

74 2058 108 2104 16

74 2163 106 2207 17

297 487 425 554 Ficaria

297 590 439 658 Cossura

298 693 417 761 Gabios

295 797 406 865 Coena

296 902 428 968 Melete.

191 1005 314 1072 Iterum
344 1006 386 1071 ad
413 1007 508 1071 aliam
536 1016 660 1092 partem
687 1005 817 1074 Siciliae
846 1018 896 1076 est

149 1111 251 1176 insula
273 1131 356 1194 quae
378 1108 496 1174 dicitur

295 1211 504 1298 lampadusa

297 1313 422 1381 Gaulos

294 1417 487 1484 Pantalaeca

297 1519 513 1588 Gaulcmetin.

180 1623 233 1695 24.
280 1625 367 1690 Nam
390 1627 423 1690 in
447 1627 531 1692 colfc
554 1627 746 1692 occidentali
768 1627 894 1713 inipso

147 1731 226 1794 mari
248 1753 366 1816 magno
388 1731 481 1794 litore
501 1731 683 1796 Dalmatiae
706 1753 763 1795 seu
777 1730 894 1796 Libur-

146 1835 216 1898 niae
239 1842 336 1917 aique
358 1833 474 1898 Istriae
496 1842 572 1898 sunt
593 1834 716 1900 insulae
732 1835 822 1899 inter
844 1857 895 1900 ce·

146 1947 231 2003 teras
254 1959 336 2022 quae
360 1937 522 2020 dicuntur,
544 1936 578 2001 id
601 1946 650 2002 est

295 2038 437 2106 Corcora

295 2144 362 2210 Isia

148 2407 159 2450 1
182 2407 299 2472 Φικαρία
317 2404 398 2466 νῆσος
419 2403 483 2450 Ptol.
539 2407 553 2450 2
581 2397 709 2471 Κόσσυρα
726 2403 800 2463 Ptol,
825 2398 894 2456 Κόσ-

144 2493 240 2545 σουρος
258 2475 355 2521 Strabo.
413 2476 429 2520 4
457 2474 535 2522 Caene
553 2475 617 2522 Pla.
677 2476 690 2523 5
719 2475 804 2522 Melita
820 2475 893 2532 Pla„

143 2547 221 2594 Malta
237 2547 302 2602 Aac,
330 2541 434 2609 Μελίτη
451 2546 515 2593 Ptol.
541 2546 552 2592 ΙΙ
573 2553 631 2606 poet
648 2546 735 2593 Melete
756 2545 845 2592 cada.
864 2547 893 2592 de

144 2618 229 2665 insulis
247 2618 278 2662 ad
297 2616 481 2676 aliam›partem
499 2616 581 2664 sicilie.
638 2619 652 2664 6
672 2617 769 2664 Siciliae
787 2629 832 2662 om.
849 2615 894 2662 AB

143 2689 209 2734 editi.
259 2689 274 2732 8
293 2686 424 2746 Lopadusa
436 2687 500 2746 aliia,
512 2703 574 2734 cccc
585 2687 744 2748 Lampadosa.
794 2689 808 2732 9
829 2685 893 2733 Gau-

143 2759 192 2815 los]
216 2772 279 2802 cccc
298 2757 388 2804 Gozzo.
463 2760 493 2806 10
522 2759 645 2818 patalasea
665 2757 694 2816 C,
722 2757 844 2816 patalasea
863 2757 892 2814 B,

143 2828 272 2879 Pataloscc
284 2828 353 2885 edita·
371 2843 433 2874 acac
445 2829 590 2876 Pantellaria
601 2832 663 2874 inter
674 2827 783 2875 Siciliam
795 2826 894 2887 etAfri·

144 2913 197 2944 cam
214 2898 279 2944 sica?
333 2901 364 2945 11
389 2905 447 2958 post
465 2898 619 2946 Gaulometin
638 2897 657 2945 C
678 2898 733 2945 add.
758 2899 787 2944 de
809 2897 894 2944 insulis

143 2971 169 3015 in
188 2969 277 3027 colpho
297 2969 440 3016 occidentali
458 2971 482 3016 in
501 2971 554 3029 ipso
572 2971 632 3016 mari
650 2982 737 3028 magno
749 2969 831 3015 littore
843 2967 895 3014 dal·

143 3041 218 3085 matie
230 3053 272 3084 scu
283 3039 387 3085 liburnia
400 3046 471 3098 atque
483 3041 574 3100 hystrie
586 3041 686 3098 positas.
736 3041 768 3085 12
787 3039 851 3085 celsa
863 3040 893 3095 B,

144 3109 233 3169 calpho
263 3107 286 3154 Css
331 3110 341 3156 ΙΙ
383 3111 531 3156 occidentale
557 3111 587 3156 B.
678 3112 709 3157 13
736 3109 818 3156 littore
844 3107 893 3156 BC.

147 3181 180 3226 14
208 3180 284 3240 ystrie
305 3179 329 3226 C.
356 3181 366 3226 ll
391 3187 468 3227 cetera
487 3181 532 3226 AB
550 3181 612 3227 editi.
664 3183 695 3228 16
715 3179 821 3242 corcyra
838 3180 895 3225 editi

146 3265 199 3295 cum
217 3251 273 3296 Ant.
292 3257 315 3295 et
330 3251 399 3308 Tab.,·
417 3258 452 3298 cat
471 3251 577 3312 Corcyra
593 3252 669 3312 nigra.
738 3255 769 3300 17
796 3251 850 3314 ysia
868 3248 893 3307 G,

145 3323 197 3368 Issa
213 3320 269 3366 Ant.
286 3320 341 3367 ch.
360 3321 438 3368 Melae
456 3321 518 3368 aliia
