2256 3836
234 494 248 537 1,

233 596 247 641 2

234 700 248 744 3

233 803 249 846 4

235 906 249 950 5

235 1005 249 1051 0

236 1111 250 1156 7

236 1217 250 1260 8

237 1320 251 1363 9

221 1421 252 1466 10

222 1525 251 1569 11

223 1628 253 1673 12

223 1731 253 1774 10

223 1832 255 1876 14

223 1937 254 1983 15

224 2042 255 2085 16

224 2145 255 2189 17

224 2247 256 2292 18

224 2347 255 2392 19

222 2450 256 2496 20

976 321 1037 369 na

327 468 366 532 ln
390 491 453 551 qua
468 466 613 530 Arabum
634 467 739 551 patria
757 489 796 530 ex
812 465 946 532 Oceano
970 491 1039 531 me-

284 571 406 636 ridiano
433 570 619 656 pertingens
646 570 804 635 maximus
833 571 923 636 sinus
953 572 1039 635 Ara·

284 674 376 739 bicus
399 697 469 738 esse
492 671 695 754 describitur,
724 675 779 756 qui
803 684 836 738 et
857 697 945 738 mare
969 673 1040 739 Ru·

285 777 378 842 brum
402 799 472 841 esee
495 777 726 840 manifestatur.

319 879 351 948 8.
396 880 480 944 Item
501 878 550 943 ad
571 887 696 964 partem
725 881 817 962 quasi
846 882 1041 965 septentrio-

286 984 401 1064 nalem,
423 984 514 1048 iuxta
526 983 690 1069 regionem
705 1004 801 1066 quam
819 982 1041 1068 praediximus

286 1086 494 1168 Parthorum,
528 1096 577 1150 est
608 1084 713 1169 patria
743 1106 825 1167 quae
859 1087 1042 1171 appellatur

287 1189 472 1275 Hyrcaniae
499 1190 599 1253 sinus.
650 1209 732 1271 quae
760 1187 929 1273 Hyrcania
962 1189 1042 1254 dum

287 1293 321 1357 in
343 1293 475 1378 longum
497 1292 641 1375 ponitur,
670 1291 766 1355 etiam
795 1313 870 1356 cum
892 1294 1042 1378 superius

288 1393 376 1459 dicta
390 1393 485 1458 India
498 1393 610 1460 Serica
624 1393 818 1480 adiungitur.
854 1417 936 1479 quac
951 1395 1043 1481 Hyr-

289 1498 381 1562 cania
401 1495 500 1562 habet
520 1497 711 1582 provincias,
733 1496 768 1561 id
790 1507 839 1563 est

439 1600 645 1665 Mardianum

440 1704 623 1768 Derbiceon

441 1804 603 1872 Cadusion

440 1910 548 1974 Eroon

440 2013 520 2079 Issis

441 2116 549 2182 Esidis
572 2115 717 2202 Scython

441 2221 521 2285 Ytio
543 2219 690 2306 Scython

442 2323 563 2390 Saccus
586 2323 730 2411 Scython

442 2428 606 2513 Tapurion

294 2593 305 2636 l
326 2590 453 2636 arabcrum
473 2590 499 2634 A.
547 2590 559 2633 1
581 2587 729 2645 Parthorum}
747 2589 851 2648 patriam
869 2589 898 2634 A.
917 2589 927 2632 ΙΙ
947 2593 984 2634 eat
1002 2603 1046 2648 pa-

291 2661 338 2708 tria
355 2673 416 2718 quae
439 2673 483 2704 om.
497 2660 526 2704 A.
580 2660 595 2704 8
623 2660 720 2719 yrcanie
738 2660 788 2714 AB,
817 2665 840 2704 ct
857 2661 892 2704 εἰσ
910 2657 1045 2718 aliquoties.

227 2765 229 2775 .
291 2732 301 2777 ΙΙ
314 2745 386 2790 synue
404 2731 431 2775 A.
489 2730 520 2776 10
545 2730 622 2788 syrica
640 2730 668 2786 B,
693 2730 787 2790 syriaca
804 2732 840 2786 A‚·
863 2743 938 2788 snpra
956 2729 989 2775 45
1011 2731 1044 2775 15

291 2803 378 2847 rectius
388 2798 469 2846 Serica
488 2800 497 2845 ΙΙ
514 2799 676 2859 adiunguntur
686 2801 736 2846 ΑΒ.
775 2801 806 2845 11
826 2799 969 2846 Mardianon
979 2800 1046 2857 editi,

291 2870 493 2918 Μαι-1111111110.
540 2871 572 2916 14
596 2872 727 2917 caudusion
746 2871 768 2916 B
786 2871 850 2916 editi.
898 2871 928 2917 15
949 2870 1046 2928 Eroonl

292 2943 382 2988 Hiroaa
404 2940 476 2987 rant
525 2939 702 2987 161ssiPlin.
753 2943 784 2988 17
808 2941 882 2987 esidia
901 2941 997 2987 ecithon
1015 2942 1045 2997 Β,
1090 2985 1095 2995 ,

292 3013 365 3059 eaidIs
383 3012 467 3078 eithon
482 3013 510 3069 A,
537 3011 672 3058 Essedones
691 3011 796 3072 Scythae
818 3011 873 3057 Tab.
931 3013 963 3058 18
992 3012 1046 3072 ytio

292 3083 372 3130 eithon
384 3082 414 3139 B,
433 3081 484 3142 ytio
503 3081 592 3128 eithion
604 3084 632 3136 A,
653 3082 709 3129 otio
722 3081 826 3142 Scythae
849 3082 904 3128 ran.
952 3084 984 3128 19
1009 3096 1048 3129 aa·

292 3167 348 3200 cens
360 3153 451 3199 aithion
468 3151 498 3209 B,
521 3165 604 3198 sacen·
624 3154 704 3221 sichon
722 3154 749 3209 A,
771 3151 848 3212 Sagae
862 3151 967 3213 Scythae
990 3153 1046 3199 Tot.

292 3225 302 3270 11
315 3237 398 3271 sacena
416 3223 496 3269 sitnon
515 3229 570 3268 ante
587 3223 639 3281 ytio
658 3223 747 3269 aithion
761 3225 832 3282 ponit
850 3225 878 3268 A.
934 3223 966 3270 10
995 3227 1047 3274 Τα-

292 3289 415 3364 noioeane
433 3299 456 3338 et
476 3287 613 3361 Τάπουροι
630 3292 694 3340 Ptol.
