2314 3840
85 297 137 345 18
885 291 919 350 19

1 429 2 502 l
104 468 117 510 1
159 461 317 527 sponsum
340 438 443 505 isdem
464 439 650 504 Alexander
679 439 767 523 quod
793 441 918 508 infinita

1 555 2 558 ’
102 569 118 612 a
159 543 248 630 apud
270 545 427 609 humanos
451 565 580 630 gressus
603 544 659 608 illa
673 543 826 608 existeret
849 566 918 609 ere-

103 671 118 716 3
158 671 244 730 mus,
274 657 307 712 et
337 647 410 712 ideo
434 647 525 730 quasi
547 645 590 712 ad
617 648 747 732 propria
774 669 918 712 remean-

1 744 2 752 '
102 775 119 818 4
159 751 239 817 dum
262 753 332 837 ipse
355 750 597 838 regrediebatur
618 749 815 814 Alexander.
857 749 916 816 sed

104 877 119 924 5
160 865 194 920 et
223 857 257 920 in
285 854 399 920 eodem
428 854 511 920 libro
542 852 737 936 Alexandri,
770 854 847 920 dum
877 853 917 920 de
1013 911 1026 930 ,

105 981 121 1024 e
159 958 359 1024 Macedonia
381 959 511 1044 propria
531 959 633 1023 movit
647 957 752 1041 patria
766 958 918 1022 Darium·

105 1083 120 1128 7
161 1084 224 1146 que
247 1085 358 1149 regem
374 1061 546 1127 Persarum
568 1059 700 1142 occidit,
723 1060 839 1125 deinde
853 1061 917 1126 Po-

105 1187 120 1232 e
161 1189 234 1229 rum
246 1187 357 1252 regem
368 1165 529 1230 interfecit
540 1163 706 1247 Indorum,
720 1165 810 1230 nullo
821 1164 917 1231 modo

106 1291 122 1334 e
159 1269 323 1334 invenitur
338 1269 425 1352 quod
440 1268 626 1334 Alexander
640 1289 727 1334 mare
749 1269 917 1334 transisset

1 1387 2 1390 ’
87 1391 121 1438 10
160 1381 193 1436 et
208 1373 257 1436 sic
271 1394 374 1455 usque
390 1373 423 1436 in
440 1395 580 1436 eremum
596 1395 678 1456 quae
694 1381 743 1436 est
758 1382 846 1454 trans
867 1382 917 1437 to·

1 1503 2 1562 ξ
87 1497 119 1541 11
160 1485 228 1540 tem
244 1473 373 1540 Indiam
384 1475 649 1562 perambulasset,
667 1474 725 1540 sed
736 1477 839 1562 magis
850 1484 916 1540 tam

1 1591 2 1636 t
86 1602 121 1648 la
159 1579 230 1664 ipse
258 1578 446 1644 Alexander
474 1601 633 1665 quamque
669 1580 737 1644 eius
771 1574 915 1644 infinitus
964 1595 969 1603 ¹

85 1707 120 1752 13
160 1683 320 1748 exercitus
350 1683 474 1767 equites
502 1682 669 1768 pedestres
707 1705 780 1747 cum
811 1683 914 1748 vectis

1 1835 2 1838 η
86 1815 121 1858 14
160 1785 276 1873 gladiis
307 1787 341 1850 in
370 1787 434 1853 illis
472 1786 653 1852 ambulasse
690 1785 917 1852 describuntur

85 1917 120 1962 15
159 1890 317 1976 partibus.
355 1891 464 1974 itaque
489 1889 543 1954 alii
565 1889 696 1956 fallaces
717 1889 915 1975 pseudocas-

1 2041 2 2066 ,
86 2021 120 2066 16
160 1993 329 2080 mographi
351 1994 496 2079 praefata
509 1993 652 2076 fiumina,
675 1991 711 2056 id
733 2002 782 2058 est
799 1994 913 2080 Tigrin

85 2125 120 2170 17
161 2108 194 2163 et
203 2099 403 2184 Euphraten,
418 2119 458 2161 ex
474 2097 636 2162 montibus
653 2096 827 2160 Armeniae
840 2119 915 2182 pro-

86 2228 121 2272 ts
162 2225 308 2266 cessuros
323 2202 601 2266 historicaverunt.
632 2199 690 2265 sed
706 2210 738 2264 et
752 2201 815 2265 hoc
831 2200 915 2265 absit

1 2351 2 2360 κ
88 2329 121 2374 19
161 2306 247 2390 quod
269 2307 387 2370 veritas
411 2305 462 2370 sit.
501 2327 566 2368 non
589 2327 666 2390 ergo
688 2305 722 2368 in
744 2305 915 2368 Armenio-

1 2455 2 2458 =
86 2433 121 2477 ae
159 2433 231 2474 rum
253 2419 339 2474 terra
360 2409 414 2473 ille
431 2408 639 2474 suavissimus
659 2407 827 2492 paradisus
844 2429 914 2472 esse

87 2539 119 2583 at
160 2513 349 2579 ostenditur.
396 2523 428 2577 et
451 2511 610 2596 quomodo
637 2511 670 2574 in
694 2508 828 2584 Oriente
857 2534 914 2596 pa-

1 2671 2 2692 .
86 2641 120 2687 aa
159 2617 285 2682 radisus
316 2639 387 2682 esse
410 2615 618 2697 adscribitur,
648 2615 675 2679 si
702 2615 736 2678 in
759 2613 914 2679 Armenia

87 2747 120 2792 aa
159 2745 230 2787 esse
252 2719 405 2806 putatur?
428 2721 483 2804 qui
505 2719 624 2784 Persae
640 2719 753 2783 Parthi
776 2743 795 2782 a
818 2741 914 2802 super

161 2832 174 2876 3
204 2831 280 2890 qussi]
304 2829 400 2888 quidem
419 2828 483 2874 editt.
574 2829 587 2874 7
616 2827 710 2884 deinde]
735 2827 830 2872 demum
849 2825 912 2872 editi.

158 2902 278 2960 llporrum
295 2901 325 2945 B.
382 2900 413 2944 12
442 2903 568 2960 quamque]
589 2897 622 2960 cf.
636 2899 668 2944 31
689 2899 712 2954 4,
732 2897 771 2943 IV
786 2897 829 2942 12.
848 2897 857 2941 ΙΙ
877 2897 913 2942 in-

158 2971 240 3017 finitus
258 2971 309 3016 eius
327 2971 391 3016 editi.
459 2969 491 3015 14
519 2969 666 3016 ambulasset
683 2969 712 3013 B.
785 2969 816 3014 16
844 2981 913 3026 prae·

158 3043 216 3099 sata]
236 3040 269 3102 ef.
289 3041 322 3086 16
343 3042 367 3098 1,
385 3040 426 3085 uhi
446 3039 539 3086 lacuna.
618 3042 648 3086 17
677 3040 784 3084 eufraten
803 3038 858 3092 AB3
878 3035 911 3098 cf.

160 3113 191 3158 20
211 3112 246 3158 12
263 3127 298 3172 sq.
317 3103 330 3158 ll
346 3111 482 3166 montibus]
504 3111 634 3156 monilibus
653 3112 682 3155 A.
773 3110 803 3154 18
833 3109 913 3154 isteri-

159 3189 274 3230 zanerunt
286 3185 314 3239 A,
333 3182 525 3243 ystoricaverunt
536 3181 564 3228 B.
633 3181 664 3226 28
685 3179 778 3236 Persae]
791 3193 834 3238 per
846 3193 870 3226 se
882 3179 911 3224 B.

160 3255 168 3300 ll
181 3256 244 3314 parti
262 3256 291 3300 A.
311 3253 320 3299 ll
340 3269 355 3300 a
373 3267 417 3298 om.
437 3253 500 3298 editi.

730 3329 760 3372 2.
