2210 3834
210 337 262 388 ³⁰2

947 340 983 385 IV
1002 341 1034 386 42

230 510 241 551 1
280 506 318 548 aa
350 484 483 550 flumina
512 485 683 550 nominavi.
738 507 820 568 quae
848 483 1037 569 Spanorum

229 610 243 654 a
278 590 383 674 patria
404 588 502 654 habet
524 591 607 653 infra
629 613 663 654 se
686 589 869 674 provincias
885 589 1037 654 famosis-

228 715 243 758 3
280 693 377 757 simas
400 701 485 773 0010,
511 693 546 756 id
568 703 617 757 est

229 820 244 862 4

229 921 243 966 5

229 1029 243 1072 6

229 1131 243 1174 Ἰ

229 1233 244 1277 8

230 1336 244 1380 9

213 1442 244 1486 10

213 1547 243 1590 11

214 1649 245 1694 12

213 1752 245 1798 16

214 1856 245 1900 14

214 1959 244 2005 lb

214 2064 245 2108 16

214 2167 245 2211 17

430 794 573 861 Galletia

430 901 565 965 Asturia

430 1005 643 1090 Austrigonia

430 1107 537 1172 Iberia

431 1212 602 1297 Lysitania

430 1315 545 1380 Betiea

432 1419 578 1504 Hispalis

431 1523 611 1588 Aurariola.
669 1525 729 1588 etsi
757 1522 885 1588 modica
914 1525 1036 1605 existit,

280 1635 388 1690 tamen
403 1628 532 1692 omnino
543 1628 657 1692 fertilis
669 1637 702 1691 et
713 1628 953 1713 speciosissima
963 1637 1035 1692 ease

282 1729 468 1796 dinoscitur.
544 1771 546 1776 ·

325 1835 377 1898 Ex
399 1857 463 1919 qua
476 1834 642 1920 praedicta
656 1834 777 1920 Spania
792 1835 972 1919 aliquantas
990 1837 1033 1900 ci-

281 1939 413 2021 vitates,
447 1947 481 2003 et
515 1961 649 2022 quarum
679 1940 845 2003 civitatum
872 1940 1037 2004 territoria

280 2053 444 2128 ponuntur
465 2065 530 2107 non
552 2044 648 2129 longe
672 2068 691 2108 a
712 2044 793 2107 mari
814 2066 932 2129 magno
955 2041 1036 2108 Gal·

281 2147 344 2211 lico
359 2147 536 2228 Baleari00‚
558 2148 706 2212 volumus
727 2147 907 2234 designare,
929 2147 963 2212 id
985 2158 1036 2212 est

284 2481 295 2524 1
317 2481 358 2534 acl
378 2478 416 2524 vel
433 2479 476 2524 AB
495 2481 559 2524 editi.
614 2481 628 2525 2
650 2480 823 2525 famosissimas
841 2495 885 2524 om.
904 2481 950 2524 AB
968 2479 1035 2525 editi.

283 2552 298 2593 4
318 2547 424 2595 Galletla
441 2553 511 2595 aliam
531 2551 546 2595 8
565 2551 599 2595 19
618 2557 640 2596 el
659 2552 673 2595 9
694 2553 718 2606 1,
744 2549 841 2595 callatia
858 2553 879 2596 A
899 2550 964 2606 editi,
984 2551 1037 2596 eal-

281 2620 342 2666 letta
360 2622 390 2677 B,
421 2621 523 2680 gallecia
548 2621 645 2677 Mat„
677 2621 801 2668 Gallaecia
824 2621 896 2678 Pha,
928 2620 1036 2668 Gallicia

284 2692 379 2736 Jordan.
435 2694 448 2737 6
472 2691 635 2752 Austrogonia
653 2693 751 2738 Iordan.
771 2692 799 2736 da
817 2693 867 2737 reb.
887 2692 938 2738 Get.
959 2708 979 2737 c.
991 2693 1035 2742 44.

281 2762 427 2820 Autrlgones
444 2763 507 2809 Plin.
526 2763 600 2808 Mela.
655 2765 669 2808 8
693 2763 812 2808 Lisitania
832 2763 964 2818 CPorcl„
985 2764 1036 2809 Lu-

281 2834 370 2878 sitania
398 2834 498 2879 Gron.1
525 2834 548 2878 2.
588 2847 594 2854 ·
623 2836 636 2878 9
665 2835 751 2879 betaca
775 2835 808 2890 B,
838 2835 945 2880 Baetaca
969 2835 1035 2880 editi.

284 2905 315 2948 10
343 2904 465 2962 Hispalis]
497 2903 554 2950 aliia
585 2918 667 2949 nomen
698 2905 777 2961 urbis,
813 2919 861 2949 noa
883 2907 1035 2963 provinciae.

273 2963 313 3019 '11
344 2976 401 3031 etsi}
419 2975 459 3020 vel
477 2976 497 3020 ni
516 2977 560 3020 AB
578 2976 643 3020 editi.
671 2975 681 3020 ll
706 2976 796 3020 existet
812 2977 863 3020 AB.
922 2977 952 3021 12
978 2991 1036 3034 spa—

281 3047 415 3092 eiosissima
436 3045 459 3102 C,
487 3047 662 3104 spatiosissima
681 3047 703 3090 B
721 3046 786 3091 editi.
843 3048 874 3092 14
894 3047 1036 3106 aliquantae

282 3117 346 3161 editi.
403 3118 433 3162 15
454 3121 477 3161 et
495 3121 609 3174 quarum!
629 3123 653 3162 et
671 3130 752 3162 aarum
773 3116 797 3174 C,
815 3117 855 3162 vel
874 3120 1036 3176 quarumdam

282 3186 346 3231 edili.
366 3188 375 3232 ll
391 3193 448 3245 post
465 3189 584 3234 territoria
602 3187 659 3232 editi
677 3188 768 3233 addant
787 3203 855 3246 quae.
913 3192 944 3235 16
964 3193 1035 3247 mari}

281 3259 341 3302 mari
360 3259 420 3303 mari
439 3259 466 3303 A.
525 3260 555 3303 17
579 3258 700 3304 balearico
718 3260 771 3304 ΑΒ.
799 3259 808 3304 ΙΙ
831 3266 887 3317 post
907 3261 1035 3307 Balearleo

282 3327 367 3374 cada.
381 3342 411 3373 ex
426 3329 511 3386 qulbus
524 3329 669 3388 aliquantas.
688 3329 698 3375 ΙΙ
715 3331 841 3387 designare
854 3330 1007 3378 volumus-0.
