2198 3840
234 283 292 338 418*
978 285 997 331 V
1015 286 1048 333 18

259 458 271 502 1
307 432 396 498 tania
410 444 491 516 quae
505 431 592 496 infra
604 427 772 498 Oceanum
787 429 899 495 existit
912 427 1051 511 dicimus,

257 559 271 604 1
308 534 367 600 sed
394 537 475 600 haec
501 535 648 600 Britania
664 536 766 605 ,intra
793 535 956 618 Europam
983 557 1050 600 esse

257 665 272 710 s
308 637 518 726 dignoscitur.
540 636 747 723 postmodum
756 638 865 724 tangit
875 639 944 722 ipse
953 635 1052 702 Ocea-

257 770 273 812 4
308 765 369 808 nus
393 740 623 823 Guasconiam,
646 765 727 826 quae
744 741 921 825 Equitania
942 739 1053 804 dicitur

257 871 272 917 a
310 855 343 910 et
375 867 462 910 nunc
490 843 791 930 Spanoguasconia,
825 867 936 910 verum
963 845 1053 908 etiam

258 973 272 1017 1
308 958 411 1016 totam
440 947 593 1034 Spaniam
622 970 740 1031 usque,
769 957 806 1011 11
836 946 986 1028 1111111111,
1013 945 1053 1011 ad

259 1076 272 1121 1
309 1053 427 1118 fretum
441 1049 740 1138 Septegaditanum.
786 1052 843 1133 qui
865 1073 961 1136 supra
980 1051 1052 1115 scri·

258 1180 272 1226 1
309 1165 384 1242 ptus
406 1153 568 1235 Oceanus,
591 1155 653 1218 etsi
672 1177 737 1218 non
757 1154 953 1238 permittitur
968 1154 1053 1222 iussu

259 1285 273 1330 a
309 1260 440 1324 factoris
457 1267 545 1324 totus
561 1259 716 1344 navigari,
738 1267 880 1322 attamen
895 1258 963 1341 ipse
976 1257 1053 1342 girat

242 1387 273 1432 10
309 1371 414 1427 totum
436 1361 602 1443 mundum,
632 1363 717 1428 sicut
738 1361 793 1424 alii
816 1359 967 1424 dixerunt
986 1359 1053 1444 phi·

243 1491 272 1536 11
310 1465 446 1550 losophi.
498 1489 587 1548 nam,
615 1473 652 1530 11
677 1465 732 1530 alii
758 1463 848 1528 affati
873 1472 965 1545 sunt,
992 1485 1053 1527 ore-

243 1593 274 1638 11
311 1568 452 1634 dendum
475 1579 525 1634 est
547 1571 622 1653 quia
643 1577 717 1654 post
731 1566 860 1632 Indiam
872 1567 1054 1630 Dimirioam

244 1697 275 1741 ra
311 1673 437 1754 Evilat,
466 1672 501 1736 id
529 1682 579 1738 est
606 1675 640 1736 in
667 1671 771 1754 primo
794 1667 947 1752 Oriente,
972 1669 1052 1734 nulio
1091 1671 1092 1680 ’

244 1800 275 1847 14
312 1776 408 1840 modo
431 1777 500 1862 ipse
524 1773 677 1842 Oceanus
705 1773 745 1838 ab
768 1772 952 1839 hominibus
973 1775 1053 1838 inve-

244 1899 274 1944 11
312 1881 435 1960 niatur,
473 1881 564 1963 quia,
601 1888 638 1943 ut
669 1877 791 1941 dictum
822 1886 889 1958 est,
928 1878 1052 1942 creatori

244 2001 275 2045 ro
314 1985 455 2048 omnium
469 1980 693 2048 tantummodo
712 1981 877 2067 cognitum
893 1991 952 2046 est.
988 2003 1053 2045 nam
1090 2039 1092 2070 ,

245 2103 275 2148 17
312 2088 491 2172 praefatum
520 2080 674 2150 mundum
703 2093 736 2148 11
762 2085 825 2169 ipsi
847 2083 980 2150 Oceano
1001 2084 1053 2148 cir-
1091 2095 1092 2104 ¹

245 2209 276 2253 18
313 2200 513 2276 oumseptum
535 2189 756 2254 decreverunt.

316 2357 326 2398 l
349 2354 422 2410 infra]
437 2355 465 2398 de
478 2352 596 2398 infraAB
608 2351 673 2398 editi.
701 2352 711 2398 ΙΙ
736 2365 825 2398 cosano
839 2353 861 2396 Β
874 2352 939 2398 editi.
977 2350 1053 2397 nnu-

312 2425 396 2470 tannia
414 2424 478 2468 editi.
527 2425 541 2468 3
561 2425 693 2470 dinoscitur
705 2421 754 2468 Bc,
809 2423 824 2467 4
842 2423 977 2480 Equitania
993 2423 1052 2466 atium

312 2493 417 2541 Annales
434 2494 575 2549 Naaurtam'¹
586 2500 648 2539 cont.
666 2495 691 2538 in
708 2495 779 2539 Perta
796 2507 858 2538 moa.
876 2493 897 2538 I.
911 2493 994 2552 psa,-
1013 2493 1052 2536 An-

312 2563 380 2610 nales
403 2563 515 2624 Suoqall.
539 2566 640 2610 unctores
667 2564 724 2609 ibid.
747 2579 774 2622 p.
793 2564 834 2609 73.
858 2563 907 2619 7r,·
932 2562 1052 2622 Aquitania

314 2637 378 2682 editi.
451 2637 464 2680 5
493 2649 569 2693 spano
593 2636 707 2693 gasconia
724 2636 757 2691 A,
786 2649 861 2693 spano
881 2635 1010 2694 guasconit
1027 2631 1050 2676 B.

314 2707 324 2752 ΙΙ
335 2711 499 2752 verumtamen
516 2707 538 2750 Β
557 2706 621 2751 editt.
676 2708 690 2752 6
719 2710 771 2751 tota
782 2705 826 2750 illa
837 2706 923 2764 spania
941 2708 969 2763 A,
988 2707 1051 2751 totam
1091 2717 1092 2746 3

313 2777 380 2823 illam
399 2777 507 2834 spaniam
526 2777 547 2821 B
566 2777 631 2822 editi.
659 2777 668 2822 ΙΙ
694 2777 725 2822 ad
743 2791 787 2820 om.
807 2777 850 2821 AB
869 2776 935 2822 editi.
989 2777 1052 2820 811·
1091 2821 1092 2824 ¹

315 2852 391 2894 111111
409 2848 437 2892 Α.
462 2847 471 2892 ΙΙ
493 2848 549 2904 atsi}
568 2847 607 2893 vel
624 2848 644 2892 si
656 2848 700 2892 AB
713 2847 777 2892 editi.
823 2849 923 2893 9totus
942 2844 1050 2892 ommia.
1091 2841 1092 2862 ³

314 2919 324 2964 ΙΙ
335 2919 458 2976 nauigaris
469 2909 498 2963 A'.
526 2917 535 2963 11
561 2923 631 2977 gyrat
649 2919 713 2964 aditi.
769 2919 799 2962 11
828 2918 950 2967 afatiAB.
977 2917 987 2963 ΙΙ
1006 2918 1051 2974 post
1091 2951 1092 2956 ,

315 2993 370 3035 suut
382 2987 426 3034 BC
436 2989 493 3034 editi
505 2989 596 3034 addunt
608 2990 672 3046 quod
684 2993 716 3034 11.
772 2989 803 3034 11
824 2989 881 3046 quia
894 2992 932 3045 11]
952 3001 969 3048 q
980 2992 1018 3033 111
1027 2984 1048 3028 Α.
1090 2997 1092 3044 1

315 3060 324 3105 ΙΙ
337 3060 424 3105 oratori
442 3060 471 3104 B.
529 3061 559 3105 17
588 3060 634 3118 ipsi
653 3073 756 3104 occeano
775 3057 822 3115 Ac,
851 3061 930 3116 ipsum
949 3067 1049 3106 oceanum
1090 3045 1092 3118 j

314 3132 336 3176 B
357 3131 421 3175 editt.
467 3131 476 3175 ΙΙ
519 3130 724 3188 circumscriptum
740 3129 789 3176 AO.
855 3132 886 3176 18
910 3137 968 3188 port
984 3131 1041 3174 decre
1090 3121 1092 3172 i

315 3207 400 3246 verunt
423 3200 441 3246 C
462 3201 517 3247 add.
542 3201 656 3260 prologus
679 3201 784 3246 auctoris
811 3215 883 3259 super
906 3200 989 3247 insulis
1008 3194 1049 3254 qui·
1089 3177 1092 3258 i

314 3273 423 3318 busdam.
1091 3267 1092 3296 ³
