2314 3840
245 256 279 310 16
1016 261 1063 306 16

264 427 276 470 1
314 401 441 467 fluvius.
481 425 540 468 nos
564 403 680 489 quippe
704 401 839 468 dicimus
855 403 943 487 quod
956 406 1066 470 omnia

263 531 278 576 2
314 505 446 570 flumina
470 529 510 570 ex
535 515 620 569 terra
642 507 676 570 in
699 529 785 570 mare
813 529 872 572 sua
894 507 1066 573 effundunt

263 635 277 680 a
314 608 448 674 fluenta:
471 632 546 672 nam
567 609 656 672 nullo
678 609 774 674 modo
797 608 837 674 de
856 611 936 674 mari
950 611 984 674 in
999 608 1072 676 ter-¹

262 737 279 781 4
314 736 384 776 ram
407 712 447 776 ab
470 713 617 778 humanis
640 712 805 776 obtutibus
827 712 1001 797 procedere
1015 716 1065 778 vi-

263 837 277 882 o
316 815 447 897 dentur,
474 825 615 900 excepto
649 816 856 880 reumaticam
888 839 1063 882 accessam.
1156 886 1157 889 Ἴ

263 941 277 984 o
316 918 404 1002 quod
425 919 573 984 omnibus
600 919 706 1004 palam
735 928 793 984 est.
838 919 896 984 sed
923 922 986 986 illis
1012 945 1065 986 re-

264 1043 278 1088 7
315 1021 484 1107 sponditur
498 1021 656 1106 quomodo
671 1023 807 1108 legimus
819 1023 859 1088 de
875 1025 963 1088 fonte
980 1024 1065 1089 Are-

263 1147 278 1192 a
314 1126 436 1194 111222,
465 1124 546 1190 illud
560 1149 635 1190 vero
651 1125 738 1208 quod
751 1127 785 1190 in
800 1149 891 1190 sacra
904 1128 1065 1212 scriptura

263 1250 277 1293 a
308 1213 471 1293 insertum
494 1238 543 1292 est
565 1229 681 1293 eteius
697 1230 822 1312 similia,
845 1230 931 1313 quod
946 1255 986 1296 ex
1000 1231 1064 1294 alio

246 1351 278 1396 10
315 1334 403 1396 fonte
431 1331 472 1396 de
501 1332 564 1396 alia
589 1332 694 1396 insula
725 1357 813 1406 mare
838 1357 897 1418 per
922 1334 1063 1400 medium

143 1460 146 1464 ·
247 1454 277 1499 11
316 1457 400 1519 aqua
416 1457 545 1502 cursum
561 1435 627 1516 dat,
648 1434 735 1518 quod
748 1437 857 1502 multis
871 1437 975 1502 modis
989 1461 1064 1523 pro-

246 1560 278 1605 12
316 1538 428 1602 batum
450 1548 514 1620 est,
544 1547 576 1603 et
604 1540 679 1623 quia
706 1541 792 1604 omni
818 1539 914 1604 modo
936 1540 998 1604 hoc
1021 1540 1062 1605 ab

247 1663 278 1707 re
315 1643 527 1728 omnipotenti
559 1652 667 1728 potest
699 1643 769 1708 fieri
800 1642 959 1725 dominc,
977 1643 1064 1727 quod

246 1768 279 1813 14
318 1747 427 1810 omnia
449 1745 580 1810 flumina
602 1747 722 1810 intrant
747 1747 782 1810 in
807 1770 895 1812 mure
922 1756 954 1810 et
975 1771 1063 1812 mare

245 1869 277 1916 15
314 1872 381 1912 non
402 1847 572 1929 redundat,
594 1849 628 1912 in
650 1848 757 1912 locum
770 1847 856 1914 unde
871 1860 989 1916 exeunt
1003 1851 1063 1916 flu-

246 1973 278 2018 16
316 1952 404 2016 mina
426 1960 630 2016 revertuntur
656 1960 693 2015 ut
720 1953 835 2017 iterum
862 1952 978 2036 fluant,
1003 1977 1062 2040 pro

246 2077 277 2122 17
316 2064 404 2119 certo
426 2078 538 2119 verum
553 2063 617 2120 est:
641 2053 699 2120 sed
720 2056 808 2120 nullo
829 2055 924 2121 modo
947 2056 989 2122 ab
1003 2057 1063 2122 hu-

170 2186 171 2194 *
207 2217 210 2224 ,
245 2179 277 2224 18
314 2158 418 2222 manis
440 2157 568 2224 videtur
590 2157 764 2224 obtutibus.

245 2283 277 2327 19
349 2261 380 2326 7.
424 2261 469 2351 Et
485 2263 512 2326 si
527 2263 641 2346 aliquis
659 2263 843 2348 ignoranter
858 2261 975 2326 dixerit
989 2263 1065 2346 quia

244 2385 277 2430 2ο
315 2364 370 2426 ille
392 2364 487 2428 homo
510 2366 659 2448 forsitan,
690 2366 745 2449 qui
766 2363 929 2450 usquein
958 2375 1065 2431 extre-

244 2489 277 2536 21
313 2491 402 2531 mum
418 2464 561 2532 Orientis
577 2466 744 2533 Oceanum
765 2469 952 2552 ambulavit,
972 2471 1064 2535 illum

244 2593 277 2639 22
313 2569 547 2636 nobilissimum
575 2573 697 2637 invenit
721 2573 904 2658 paradisum
932 2575 1063 2658 suisque

244 2694 277 2739 aa
313 2672 451 2759 pedibus
479 2674 727 2761 perambulavit,
760 2677 818 2742 sed
847 2679 983 2743 fortasse
1010 2678 1063 2744 dei

314 2867 328 2911 1
357 2871 413 2910 cote
430 2865 517 2914 fluvius
536 2867 638 2914 lacuna?
700 2870 714 2914 3
743 2871 772 2914 de
789 2872 862 2927 mari}
880 2873 956 2918 maria
972 2873 1061 2920 Porch.

254 2967 258 2982 .
314 2937 329 2982 6
358 2937 642 2997 quod....responditur
649 2940 786 2986 om.Porch.
804 2941 813 2986 ΙΙ
831 2934 988 3002 respondetur
996 2944 1061 2990 editi.

314 3009 329 3053 7
358 3009 487 3065 quomodo]
507 3010 572 3066 quod
589 3009 653 3061 editi.
672 3010 681 3056 ΙΙ
704 3011 799 3058 arathus
810 3013 840 3058 A.
886 3014 917 3058 10
941 3014 1060 3060 fronteB.

315 3078 345 3124 11
371 3081 473 3134 cursum]
493 3093 586 3126 erucem
594 3081 645 3126 AB.
696 3083 805 3128 14-16
826 3084 906 3129 omnia
976 3085 1061 3141 fluant!

312 3146 498 3194 Ecclesiastael
521 3151 543 3194 7.
591 3153 621 3196 18
645 3151 769 3210 optutibus
780 3154 811 3199 B.
858 3156 889 3200 19
914 3155 1003 3200 dixerit
1014 3169 1060 3201 cna

312 3217 400 3264 Perrh.
456 3221 488 3264 20
516 3221 657 3280 quinoque}
676 3223 834 3282 cuiusqncA.
890 3225 922 3271 23
941 3230 978 3272 set
996 3227 1025 3272 A.
