2234 3842
75 335 142 369 nuno
162 325 209 370 110
542 387 543 396 ἵ
823 323 879 377 537

90 490 101 534 1
135 492 227 553 quam
243 467 339 534 modo
354 470 467 534 melius
488 479 618 536 sanatus
633 479 754 556 martyr
768 471 881 536 Achil-

89 595 101 640 t
135 573 201 638 leus
222 573 391 638 illuminat.

89 697 102 744 a
174 675 288 760 Itaque
310 701 330 741 a
344 677 473 742 civitate
482 677 630 770 'praelata
644 674 808 741 Mesebria
823 698 881 762 per

89 801 104 846 4
135 800 189 842 ora
210 780 306 844 maris
329 801 431 864 usque
455 778 497 844 ad
518 780 713 846 nominatam
733 779 881 844 Larisam

88 899 101 946 a
134 879 243 946 urbem
267 883 412 946 civitates
436 891 511 946 aunt
537 884 769 970 quinquaginta
791 883 882 967 quin·

88 1004 101 1049 a
134 1005 194 1067 que
216 993 249 1049 et
263 985 398 1050 miliaria
413 995 637 1070 supponuntur
650 987 737 1050 mille
753 996 881 1051 eentum

88 1109 101 1153 7
134 1086 296 1154 tredecim.

86 1211 101 1255 e
161 1189 232 1258 110.
277 1192 331 1257 Ab
354 1194 415 1258 hae
437 1202 550 1257 autem
567 1193 680 1258 civitas
703 1203 753 1258 est

87 1314 101 1358 9
283 1294 460 1362 Grannona

69 1417 101 1462 10
281 1399 426 1465 Phalaris

68 1519 100 1564 11
281 1503 482 1570 Pharsalium

67 1621 100 1666 12
281 1605 436 1692 Tapedon

68 1725 99 1770 18
281 1711 486 1796 Thermopila

67 1829 98 1874 14
281 1812 416 1900 Seorpia

67 1935 97 1981 1⁶
281 1917 394 1982 Elauia

67 2040 98 2085 ιε
283 2019 423 2086 Cheroni

67 2144 97 2189 17
284 2123 436 2190 Chromia

67 2245 98 2290 ιε
283 2229 425 2315 Thespia

66 2345 97 2391 19
282 2332 396 2397 Platea

65 2447 97 2494 20
284 2435 403 2500 Pireon

65 2549 96 2595 21
285 2540 431 2621 Athene,
464 2537 727 2624 philosophorum
755 2547 788 2603 et
815 2561 886 2604 ora·

64 2655 96 2700 Ἡ
133 2654 240 2709 torum
255 2643 417 2727 quondam
438 2643 588 2730 genitrix,
609 2643 643 2707 in
664 2665 728 2726 qua
743 2641 885 2707 divinum

65 2757 97 2804 ²⁸
134 2748 244 2812 lumen
259 2758 355 2832 atque
370 2745 617 2834 inextinguibile
636 2769 701 2810 non
716 2746 750 2809 in
764 2747 885 2831 templo

65 2859 98 2907 24
133 2851 222 2936 quod
250 2852 425 2938 prophetae
452 2850 528 2915 olim
556 2873 575 2915 a
597 2849 712 2915 Iasone
733 2871 809 2936 rege
833 2848 885 2914 dei

65 2963 97 3012 25
133 2956 282 3043 genitrici
304 2976 493 3039 semperque
514 2951 649 3039 virginis
663 2951 789 3017 Mariae
810 2975 886 3017 eon-

169 3125 242 3171 cedeoe
260 3124 282 3170 b.
579 3119 613 3181 ef.
625 3121 684 3168 Rau.
698 3119 749 3167 374
769 3121 801 3166 11
814 3136 849 3182 aq.

134 3231 149 3277 5
183 3230 359 3289 quinquaginta
385 3229 502 3287 quinqua}
532 3232 587 3272 aaut
613 3229 784 3288 quinquaqinta
811 3233 867 3274 tres.

135 3302 168 3348 24
196 3301 341 3361 prophetae]
360 3301 442 3359 potius
459 3296 586 3358 propitiae.
