2256 3836
264 479 276 523 1

986 311 1064 358 1111

348 453 397 522 ll.
442 451 564 518 Iterum
587 462 636 518 est
658 476 723 520 non
736 454 833 541 longe
849 453 889 518 ab
905 455 977 540 ipsa
991 455 1068 520 Me·

263 581 277 625 ⁸2
315 557 369 623 dia
395 557 500 642 patris
527 556 700 622 Persorum
727 557 935 642 Assyriorum
958 556 1067 624 Ctesi-

264 683 278 727 s
315 663 412 726 sontis
427 659 605 741 Peloriaca,
628 682 708 743 quse
731 659 829 724 habet
842 661 925 726 infra
940 685 975 726 se
989 687 1068 748 pro·

264 787 280 831 4
314 765 448 844 vincias,
468 761 504 827 id
525 773 575 827 est

265 886 278 933 5

265 995 279 1039 6

266 1099 280 1143 7

266 1199 280 1244 8
296 1213 299 1215 ,

465 863 632 929 Edruxion

466 967 679 1034 Gimandrion

467 1070 637 1138 Sarradon.

304 1140 307 1148 ¹
362 1173 454 1256 Quae
477 1175 649 1240 Persorum
670 1176 941 1261 Assyriorumque
962 1177 1070 1261 patria

265 1303 281 1352 9
316 1278 518 1365 protenditur
531 1301 633 1362 usque
644 1279 789 1365 superius
800 1277 920 1344 dictam
930 1281 1070 1364 patriam

250 1406 281 1450 10

250 1511 280 1554 11

192 1677 195 1685 ¹
251 1612 282 1657 12

251 1719 282 1763 13

250 1823 283 1868 14

251 1926 282 1971 111

252 2029 282 2074 16

251 2134 282 2178 17

252 2240 283 2284 18

252 2345 282 2388 19

251 2448 283 2491 20

318 1383 500 1463 Persorum,
524 1404 619 1465 quam
642 1382 779 1448 diximus
801 1382 1008 1469 Parsagades
1035 1385 1070 1448 in

319 1508 382 1569 qua
403 1486 507 1570 patria
522 1485 694 1550 Persorum
709 1486 980 1572 Assyriorumque
996 1488 1070 1572 plu-

318 1590 414 1654 rimas
438 1589 583 1653 civitates
599 1590 697 1654 fuisse
711 1590 848 1676 legimus
863 1589 946 1654 inter
959 1591 1069 1676 plures

318 1692 536 1777 philosophos
558 1701 594 1758 ut
617 1693 662 1757 ait
684 1689 866 1774 Oastorffls,
889 1717 929 1758 ex
951 1694 1069 1778 quibus

319 1796 498 1878 aliquantas
522 1795 689 1881 designare
712 1797 870 1878 volumus,
892 1795 927 1861 id
949 1807 999 1862 est

468 1900 605 1963 Bantem

468 2001 639 2066 Nicanioio

468 2106 630 2170 Astenuta

469 2209 623 2274 Tumerta

469 2312 614 2396 Rapsum

470 2416 633 2480 Zeracana

322 2648 336 2692 2
364 2649 499 2694 assiriorum
527 2649 578 2694 AB.
615 2649 625 2694 11
654 2648 806 2707 ctesifontis]
835 2655 860 2697 et
877 2652 999 2698 essifontis
1016 2654 1069 2698 AB.

322 2719 336 2763 3
364 2717 523 2776 pelori·caB,
542 2719 648 2778 pelories
665 2722 697 2776 A;
720 2719 854 2768 Peloriarca
863 2721 926 2780 editi,
950 2721 984 2783 cf.
1000 2724 1033 2768 67
1053 2725 1068 2770 5

321 2794 343 2833 et
361 2789 395 2834 78
414 2789 455 2836 21.
474 2789 483 2835 11
502 2789 577 2846 infra]
596 2791 640 2836 sub
659 2791 728 2847 αἰπὺ
746 2805 790 2837 om.
799 2792 829 2837 B.
876 2792 889 2839 ὅ
918 2794 1031 2842 edrusion
1042 2797 1069 2840 Α.

322 2860 336 2904 6
366 2857 537 2916 Gimandrionl
566 2859 599 2919 cs.
623 2861 664 2918 68,
689 2863 712 2919 7,
743 2861 783 2908 ubi
812 2861 954 2910 Gimandros
972 2865 1069 2911 flumen.

323 2931 336 2975 7
365 2931 477 2976 sariadon
493 2931 522 2976 A.
577 2932 591 2976 8
620 2935 692 2989 quse]
713 2933 754 2990 qui
771 2933 821 2978 AB.
844 2933 854 2978 ΙΙ
869 2940 927 2992 post
945 2935 1070 2982 Persorum

321 3002 342 3046 A
355 3001 421 3046 addit
431 3006 462 3046 et.
481 3001 493 3050 11Ι
506 3001 736 3060 Assyriorum-edim
749 3009 770 3048 et
781 3001 917 3064 inframl
929 3011 951 3050 et
956 3020 983 3064 p.
992 3007 1026 3052 68
1045 3008 1069 3052 A.

324 3071 354 3116 10
368 3070 500 3130 Persagade
510 3072 573 3118 editi.
613 3075 641 3118 ll
656 3067 807 3132 Assyriorum
816 3075 881 3120 editi.
913 3077 944 3122 15
957 3077 1032 3123 hante
1042 3079 1068 3123 A.

323 3142 354 3187 16
381 3143 497 3188 nicanitio
518 3143 545 3200 A,
563 3142 638 3190 Nicea
655 3143 735 3190 Nialia
754 3144 827 3190 Tam?
890 3147 920 3191 18
952 3147 1070 3194 Tumenta

321 3212 385 3268 editi,
404 3211 443 3258 Ad
461 3213 578 3259 Tomenta
599 3214 654 3258 Tab.
697 3215 727 3260 19
747 3214 864 3273 Rspsuml
884 3215 990 3264 Rhasum
1013 3219 1068 3264 Tab.

322 3283 354 3328 20
381 3297 435 3328 zera
454 3297 513 3329 esna
530 3285 556 3330 A.
