2242 3838
271 489 429 553 Punieum

272 590 387 657 Castro
409 613 492 655 novo

271 693 409 760 Centum
427 692 521 758 ¹cellis

270 799 409 863 Minium

272 901 423 967 Tuvelari

273 1003 431 1070 Grauisca

273 1107 403 1173 Martha

273 1211 393 1275 Forum
416 1210 541 1275 Aurelii

275 1315 432 1378 Armenta

273 1416 328 1481 Ad
349 1440 449 1483 novas

274 1519 418 1587 Succosa

275 1622 361 1691 Cosa

276 1727 331 1791 Ad
352 1737 482 1814 portum
505 1723 641 1790 Cossum

277 1829 399 1895 Albilia

275 1933 449 1999 Telamone

132 2125 143 2168 l
162 2122 279 2169 Punicum
298 2126 368 2169 etiam
384 2123 429 2168 Va
447 2127 470 2168 et
482 2122 537 2168 Tab.
586 2123 601 2168 2
621 2120 705 2168 Castro
725 2134 788 2167 novo
807 2123 876 2168 etiam
916 2158 918 2165 s

133 2193 153 2240 V
168 2193 184 2238 2
196 2194 252 2239 Aac.
265 2193 321 2239 Tul.
376 2195 390 2240 8
411 2191 513 2240 Centum
523 2191 589 2240 cellis
607 2194 677 2238 atium
691 2191 806 2238 V2Aat.
820 2191 875 2237 Ταῦ.

130 2265 145 2310 4
162 2264 265 2310 Minium
283 2267 353 2310 etiam
367 2264 388 2309 V
404 2264 428 2321 2,
447 2265 546 2310 mimum
559 2263 586 2319 G,
605 2263 688 2310 Mindo
708 2262 732 2307 fl.
749 2261 813 2319 Tau,
831 2261 877 2307 Mi·

129 2335 167 2381 nio
186 2335 273 2381 fluvius
292 2333 362 2391 uliia,·
382 2349 444 2380 nuuc
461 2333 583 2393 Mignone.
638 2333 653 2380 ὅ
677 2331 789 2380 Tuvelari
808 2334 878 2378 etiam

134 2405 192 2464 V2,
214 2405 352 2452 Tabellaria
369 2405 426 2451 editi
444 2419 495 2450 cum
510 2405 565 2452 Ταῦ,
633 2406 646 2450 6
676 2402 791 2450 Grauisca
808 2404 878 2450 etiam

136 2477 185 2522 V2
203 2483 226 2522 at
239 2475 304 2533 Tau,
324 2474 452 2523 Graviscae
473 2475 529 2520 Aac.
584 2477 598 2522 7
626 2475 723 2522 Martha
741 2475 811 2520 otiam
825 2473 878 2519 Va

129 2555 150 2593 et
166 2550 230 2603 Aac„
250 2547 348 2593 marcha
365 2545 413 2603 Bc,
432 2546 511 2592 Marta
532 2545 587 2592 rab.
643 2548 658 2592 8
682 2546 769 2592 Forum
786 2542 878 2590 Aurelii

129 2621 197 2664 etiam
214 2618 235 2663 V
252 2618 276 2675 2,
304 2617 382 2663 forum
401 2616 485 2663 aureh'i
503 2618 531 2673 A,
559 2617 620 2662 Foro
638 2615 722 2662 Aureli
744 2615 808 2673 Tab„
833 2614 878 2661 Fo-

128 2703 179 2735 rum
197 2687 280 2734 Aureli
298 2690 354 2734 Aat.
410 2687 424 2733 9
451 2686 565 2733 Armenta
583 2689 653 2733 etiam
670 2687 692 2732 V
706 2687 730 2744 2,
754 2685 880 2733 Armenita

129 2759 151 2805 ll.
168 2759 224 2805 Tab.
295 2759 325 2805 10
354 2756 392 2803 Ad
410 2770 485 2803 novas
503 2759 573 2804 etiam
590 2758 612 2803 V
627 2758 650 2815 2,
679 2757 709 2803 ad
727 2770 804 2803 nonus
824 2753 880 2802 Gi*

129 2844 179 2875 eam
194 2829 259 2886 Tui„
288 2827 321 2889 ef.
331 2827 370 2876 IV
385 2827 427 2874 36.
458 2828 468 2873 ΙΙ
502 2830 564 2874 iuter
581 2828 620 2874 Ad
638 2841 713 2875 novas
734 2833 757 2872 et
775 2826 880 2874 Succosa

136 2901 156 2946 V
171 2900 187 2945 2
206 2899 304 2945 additur
316 2898 435 2945 Saturnia.
486 2899 516 2943 11
537 2898 642 2945 Succosa
659 2901 729 2944 etiam
744 2897 766 2943 V
781 2898 797 2942 2
815 2897 878 2954 raa,

130 2984 242 3018 successu
252 2970 280 3027 A,
293 2970 396 3016 subcosa
407 2969 522 3016 GPoreh.
537 2969 608 3015 Groa.
617 2970 640 3026 1,
655 2967 763 3015 Subeoaa
773 2968 845 3015 Gran.
856 2968 879 3015 2.

132 3043 162 3088 12
182 3040 248 3088 Cosa
259 3042 329 3086 etiam
343 3039 364 3087 V
379 3039 395 3086 2
408 3047 430 3086 et
443 3039 507 3098 Tab„
527 3039 613 3086 Cosam
624 3040 679 3086 Aut.
691 3038 751 3084 292.
799 3041 829 3086 la
849 3040 881 3087 ad

131 3117 226 3172 portum
245 3111 339 3157 cussani
359 3109 383 3168 0,
411 3113 442 3158 ad
460 3116 556 3170 portum
575 3124 629 3157 cose
649 3109 676 3167 G,
705 3110 803 3157 Portum
819 3111 841 3158 V
856 3111 880 3168 2,

131 3179 311 3230 Poft.Heroul'.
335 3181 390 3228 raa.
451 3183 480 3227 14
509 3180 600 3227 Albilin
618 3183 688 3228 etiam
704 3181 723 3225 V
739 3181 763 3238 2,
790 3180 882 3230 ulbinia

133 3253 236 3314 Gedili,
265 3251 363 3298 Albinia
382 3253 405 3298 fl.
423 3252 478 3298 Ταῦ.
535 3251 566 3298 15
594 3251 723 3298 Telamone
742 3253 812 3298 etiam
829 3253 881 3300 V2

132 3331 154 3370 et
175 3323 230 3371 raa.
