2198 3840
233 279 285 333 464
918 287 999 324 avmo
1017 275 1049 322 22

254 451 266 493 1
437 422 596 490 Bardulos
619 445 701 508 quae
723 431 756 487 et
776 419 914 486 Bandos

253 550 267 595 2
436 526 663 593 Thirrennium
675 524 1049 610 quaeetTrannisetIn·

254 653 268 699 a
305 642 481 698 teramnem
497 651 585 695 nune
600 628 790 694 veroTrane
806 627 933 692 dieitur.
969 627 1049 691 hane

253 757 269 801 4
306 733 437 820 quidam
458 740 643 800 asseverant
664 731 752 816 quod
768 755 793 797 a*
804 732 950 818 Tyrreno
971 729 1048 794 duee

254 857 268 903 t
307 837 439 920 Cadmi,
468 837 524 921 qui
550 858 609 922 pro
637 857 745 900 sorore
774 833 918 900 eiusdem
940 831 1048 898 Cadmi

255 959 269 1004 e
305 941 435 1026 Europe
446 939 638 1027 Hispaniam
647 961 751 1024 usque
761 939 898 1004 navibus
908 936 1048 1014 accessit,

255 1065 268 1109 7
306 1054 381 1132 post
407 1065 590 1132 regressum
615 1065 691 1108 vero
719 1051 911 1128 tempestate
935 1037 1048 1104 ibidem

255 1169 269 1213 8
308 1148 460 1234 appulsus
483 1145 523 1210 de
546 1169 605 1212 suo
626 1146 754 1210 nomine
775 1146 811 1210 in
830 1145 924 1210 litore
938 1141 1047 1206 Adria-

256 1272 270 1316 s
307 1253 365 1317 tici
387 1253 476 1316 sinus
499 1271 569 1314 eam
592 1247 746 1314 condidit.
791 1271 888 1334 quam
903 1244 1047 1328 Quintius

239 1379 270 1423 10
309 1355 421 1420 consul
437 1353 656 1420 Romanorum
675 1374 735 1438 pro
748 1352 946 1417 immissione
958 1350 1046 1414 immo

239 1481 269 1525 11
308 1457 512 1543 susceptione
528 1455 722 1521 Hannibalis
744 1477 818 1520 oum
829 1456 970 1520 Taranta
983 1453 1047 1517 fun·

239 1585 270 1628 12
308 1561 395 1626 ditus
418 1561 542 1645 evertit.
584 1558 789 1644 postmodum
803 1582 880 1624 vero
901 1557 942 1623 ab
957 1579 1038 1621 uxor«

240 1688 270 1732 13
308 1665 440 1730 Traiani
455 1663 598 1750 Augusti
611 1687 670 1748 pro
681 1663 806 1728 Hemia
822 1663 947 1750 collega
956 1659 1045 1726 Oeta-

239 1791 272 1834 14
307 1769 394 1834 viani
415 1769 515 1832 attavi
537 1767 587 1831 sui
613 1766 818 1832 reaedificata
839 1776 899 1848 est,
929 1760 1045 1850 quando

240 1892 270 1937 15
307 1895 389 1958 pons
412 1881 444 1936 et
466 1871 563 1935 turris
584 1893 682 1956 supra
694 1871 815 1936 fluenta
828 1869 942 1934 Aufidi
954 1866 1043 1932 amnis
1088 1911 1089 1920 ¹

240 1996 271 2042 ie
307 1977 398 2041 iuxta
420 1971 596 2040 Canusium
624 1983 765 2043 oestrum
791 1976 826 2039 in
854 1975 954 2060 ipsius
974 1971 1042 2035 Tra-

240 2102 271 2146 17
308 2079 373 2144 iani
395 2077 552 2166 dignitate
581 2077 703 2142 conditi
725 2088 809 2143 sunt.
853 2079 888 2142 in
910 2099 971 2160 qua
990 2072 1041 2138 soi-

240 2204 271 2248 1s
309 2183 385 2246 lieet
406 2192 494 2246 turre
517 2181 597 2245 miro
612 2181 721 2246 labore
736 2203 775 2246 ae
788 2179 896 2266 lapide
911 2187 1041 2244 consuu-

241 2306 271 2351 19
310 2295 363 2351 eta
384 2286 471 2350 tituli
491 2283 665 2371 perhendie
682 2307 838 2349 marmore
851 2284 951 2348 latino
964 2281 1039 2367 apiae

343 2438 434 2484 codices
452 2436 524 2498 bsmr.
772 2435 805 2498 of.
817 2439 877 2484 Rav-
891 2439 941 2483 261
959 2437 974 2481 2
990 2435 1011 2480 3.
1088 2469 1089 2472 ¹

311 2546 322 2590 1
352 2542 484 2599 Bardulosl
512 2542 625 2590 dardulos
645 2541 671 2604 s.
708 2543 718 2589 ll
751 2544 866 2600 Barulosl
889 2545 984 2590 bai-uros
1002 2541 1037 2594 lm,

308 2615 396 2661 bauros
420 2628 443 2658 r.
506 2613 520 2658 2
548 2615 693 2660 thirennium
718 2612 752 2674 bf.
788 2615 798 2661 ΙΙ
831 2615 1000 2662 iinterramnem
1020 2624 1037 2654 r·

309 2687 326 2731 4
353 2685 463 2743 quidam]
490 2685 563 2730 etiam
583 2683 609 2745 f.
655 2685 664 2732 ΙΙ
708 2685 801 2736 thireno
828 2701 862 2743 m,
905 2688 998 2733 thiremo
1019 2695 1037 2724 τ’·

310 2755 324 2802 5
345 2753 442 2811 Cadmi]
462 2753 584 2816 cathinis,
604 2757 694 2802 cathmi
706 2755 728 2802 t.
755 2756 765 2802 11
790 2755 914 2818 cathinis,
933 2751 1035 2803 eathmil·

1087 2255 1089 2324 l

1065 2405 1066 2408 κ
1087 2325 1089 2426 l

1087 2429 1089 2522 l

311 2826 472 2890 dyspaniam
484 2823 511 2885 f,
539 2827 647 2885 spaniam
665 2827 687 2872 b.
742 2829 756 2873 8
783 2827 853 2873 littor
864 2827 891 2888 f,
945 2824 1037 2884 tquin·
1088 2831 1089 2844 ¹

309 2897 360 2942 eius
372 2895 398 2957 f.
454 2896 485 2941 10
504 2895 609 2942 imomr.
659 2897 885 2956 Haemoniam,
906 2891 1034 2954 annibaliss·
1088 2915 1089 2954 3

309 2967 452 3014 litarenter.
499 2968 530 3013 13
550 2968 644 3028 trayani
651 2965 677 3028 f.
704 2967 714 3014 ll
732 2983 777 3028 pro
786 2968 885 3026 Hei-nial
896 2961 1033 3028 prohemiss,
1087 2961 1089 3016 ξ

309 3039 422 3098 phernia
441 3037 489 3092 ban,
513 3036 629 3098 phernla
645 3053 672 3094 r,
700 3054 731 3084 aa
748 3038 862 3086 Plotina?
890 3054 947 3100 „pro
963 3041 1035 3085 honore
1088 3031 1089 3042 ³

311 3109 419 3166 coniugis
438 3109 535 3154 Traiani
558 3123 585 3154 ae
608 3109 661 3154 sui“
684 3110 821 3155 Mommsen.
856 3111 866 3156 ll
899 3110 993 3169 collega]
1011 3117 1035 3150 ax

310 3175 379 3237 lege?
406 3179 416 3224 ΙΙ
442 3177 569 3240 octavies.
616 3181 648 3225 14
667 3179 788 3226 notavim.
815 3180 825 3225 ΙΙ
850 3175 1033 3238 rehedifieiasn

310 3248 439 3295 hedificata
458 3263 479 3294 r.
552 3251 582 3296 16
611 3251 751 3297 cannusinm
768 3265 790 3302 e.
863 3247 1033 3310 ldperhendiel
1088 3311 1089 3318 ἵ

310 3320 434 3382 phendie
451 3334 496 3377 mr,
523 3318 592 3377 infra
608 3323 720 3380 perendie
738 3335 758 3367 e.
771 3321 811 3368 99.
839 3322 848 3366 ΙΙ
873 3321 957 3369 latinas
967 3319 989 3382 s.
