2314 3840
220 301 241 342 Χ
553 303 704 340 manuario.

65 439 68 456 '
132 482 136 489 =
219 443 362 527 v.16sq.
385 441 565 525 „Caesarea
585 467 687 530 usque
710 445 752 510 ad
774 448 936 514 civitatem
957 470 1040 531 quae

220 554 376 634 dicitur“;
400 564 513 620 eontra
533 579 565 641 p.
579 556 644 624 330
665 561 730 624 a?
754 581 828 624 oum
850 558 961 624 oodioe
976 559 1041 625 Pa-

219 667 318 732 risino
335 659 555 753 apographum
565 667 726 734 Leidenso
740 670 823 734 maie
838 671 955 755 repetit
968 669 1041 752 „si-

220 779 293 844 leon
309 776 439 844 Sileon<
464 789 526 844 eto.
562 789 705 844 ceterum
729 781 949 868 apographum
963 782 1041 848 Lei-

221 889 319 956 dense
334 887 528 954 foedissimis
544 900 648 956 soatet
669 891 767 973 vitiis,
791 915 832 956 ex
853 891 976 958 librarii
990 894 1040 958 inss
1131 938 1134 943 «

221 1001 315 1066 scitia
330 1001 419 1081 ortis
441 1024 472 1064 v.
485 1024 516 1087 g.
537 1024 595 1086 pro
613 999 742 1068 Christo
759 1003 857 1090 (sigla
871 1005 1039 1090 expresso)

220 1111 319 1178 habet
341 1112 498 1196 exemplo,
520 1135 578 1197 pro
600 1114 868 1180 intransmeabilis
889 1113 987 1180 habet
1005 1117 1041 1179 in

220 1233 322 1290 terras
344 1221 501 1304 meabilis,
523 1247 581 1308 pro
602 1225 793 1312 Tingitanae
816 1224 914 1291 habet
936 1225 1041 1313 digni-

221 1343 299 1418 tate,
321 1344 382 1398 eto.

266 1443 364 1526 Quod
380 1445 516 1528 denique
533 1447 648 1512 attinet
662 1446 704 1512 ad
720 1447 864 1514 codicem
875 1448 1041 1514 Havnien-

222 1580 291 1625 sem
306 1580 359 1622 no.
373 1557 448 1626 358.
464 1559 516 1639 4¹⁰,
535 1581 607 1622 eum
623 1581 662 1622 ex
678 1557 817 1624 editione
833 1557 1042 1628 Gronoviana

222 1670 301 1736 anui
327 1669 411 1738 1696
434 1678 583 1734 accurate
607 1670 804 1755 exscriptum
827 1694 897 1736 esse
921 1694 1041 1759 cogno·

209 1781 325 1846 'vimus
349 1804 389 1846 ex
411 1783 596 1866 specimine,
618 1781 706 1866 quod
719 1781 760 1846 L.
771 1781 923 1850 Muelleri
942 1783 1040 1848 bene-

221 1893 381 1958 volentiae
404 1891 568 1958 debemus·

266 2115 360 2180 Haeo
383 2114 424 2180 de
444 2115 635 2182 Ravennati.
681 2117 712 2182 ei
734 2115 937 2184 adiunximus
959 2117 1041 2184 Gui-

223 2227 316 2294 donis
338 2226 467 2310 librum,
494 2249 589 2310 quem
610 2251 697 2294 nune
718 2230 858 2314 primum
879 2231 912 2294 in
934 2231 1041 2298 lucem

222 2338 357 2404 edimus.
394 2339 481 2404 huno
503 2340 604 2404 multo
627 2341 813 2426 ampliorem
835 2349 867 2406 et
881 2343 1041 2425 antiquio-

221 2474 291 2518 rem
319 2449 501 2516 Ravennati
535 2433 672 2516 eredidit
699 2451 889 2520 Theodorus
920 2451 1041 2524 Oehler

223 2562 355 2648 (Rhein.
379 2561 468 2628 Mus.
496 2563 548 2626 fur
570 2563 763 2652 Philologus,
790 2564 873 2634 1842
902 2565 1040 2651 p.314)‚

222 2697 281 2740 nos
312 2683 420 2738 autem
443 2671 628 2738 Guidonem
657 2685 689 2740 et
718 2674 909 2749 deteriorem
936 2685 969 2742 et
990 2700 1040 2742 re-

222 2786 397 2850 centiorem
420 2807 490 2850 esse
512 2784 695 2852 Ravennati
717 2787 946 2852 existimamus.

267 2894 429 2962 Gnidonis
453 2897 633 2982 complures
650 2906 761 2962 extant
777 2897 916 2981 codices,
937 2900 971 2964 iu
987 2921 1041 2964 ca·

221 3007 339 3094 talogis
363 3009 481 3093 partim
495 3007 693 3074 Ravennatis
715 3032 832 3074 nomen
852 3033 930 3096 prae
944 3033 979 3076 se
993 3011 1041 3076 fe-

221 3128 339 3186 rentes.
385 3119 768 3204 quorum.oeleberrimus
791 3130 841 3186 est

246 3234 264 3296 b
295 3231 397 3296 codex
416 3231 636 3298 Bruxeliensis
659 3231 890 3315 38994918,
913 3230 1040 3317 dequo
