2242 3838
52 320 132 367 1v1⁵
814 321 866 373 2⁰5

68 489 78 532 1
117 467 267 552 patriam.
318 476 426 531 tamen
456 469 541 552 ipsas
565 469 685 552 patrias
707 469 869 553 praefatus

67 591 80 635 a
117 569 268 635 Iordanis
281 570 543 657 chronographus
555 571 703 636 subtilius
711 571 868 656 exposuit.

68 695 81 739 a
151 671 207 740 15.
244 673 323 738 Non
339 676 424 739 ultra
434 673 622 740 Danubium
637 673 695 740 sed
709 673 868 758 quomodo

67 799 82 840 4
117 776 162 840 ad
185 801 272 842 mare
295 801 447 864 magnum
461 778 591 863 ponitur
605 779 709 863 patria
724 801 805 862 quae
821 777 869 844 di-

68 900 82 944 5
119 881 207 945 citur
227 879 396 966 Illyricus,
425 890 457 946 et
485 905 567 966 quae
596 905 616 946 a
636 882 745 946 multis
767 882 870 968 philo-

68 1005 81 1049 s
118 985 232 1069 sophis
255 985 395 1048 maxima
417 985 674 1070 septentrionalis
696 1008 769 1071 pars
791 984 869 1070 Illy-

68 1113 81 1156 τ
118 1089 208 1153 ricus
232 1089 328 1152 etiam
356 1086 558 1169 adscribitur,
585 1099 692 1152 tamen
714 1089 793 1153 haec
814 1113 870 1174 pa-

68 1214 82 1258 8
118 1193 186 1256 tria
207 1192 326 1257 dicitur
340 1215 397 1276 pro
413 1200 500 1256 certo
515 1190 674 1277 Illyricus.
721 1193 811 1257 cuius
826 1192 870 1256 Il-

69 1316 82 1358 a
118 1295 243 1382 lyricae
264 1296 386 1380 patriae
407 1295 514 1380 plures
537 1296 708 1380 scriptores
730 1295 871 1381 philoso-

56 1419 83 1462 ιο
118 1399 180 1484 phi
203 1399 393 1478 extiterunt,
421 1422 460 1462 ex
483 1398 599 1482 quibus
622 1421 683 1485 ego
704 1399 769 1485 legi
790 1397 870 1463 Pro-

14 1559 18 1566 .
57 1522 83 1563 11
119 1504 233 1566 vinum
249 1513 281 1566 et
296 1501 487 1566 Marcellum
501 1511 598 1587 atque
612 1502 792 1566 Maximum
805 1501 871 1567 Ro-

57 1622 85 1666 1‘2
120 1629 291 1671 manorum
305 1605 527 1690 philosoph0s3
546 1605 605 1670 sed
619 1628 679 1692 ego
694 1605 871 1670 secundum

60 1726 86 1770 1³
122 1711 305 1776 Maximum
334 1707 475 1774 ciusdem
497 1709 620 1796 Illyrici
648 1710 793 1774 civitates
817 1709 872 1774 de-

60 1831 88 1876 14
122 1815 260 1902 signavi.
306 1814 339 1876 in
362 1834 425 1896 qua
446 1813 569 1899 lllyrici
593 1813 697 1898 patria
718 1813 871 1898 plurimas

59 1935 88 1980 15
121 1920 223 1983 firisse
254 1917 400 1981 civitates
427 1917 580 2004 legimus,
609 1941 649 1981 ex
676 1915 792 2001 quibus
815 1919 871 1981 ali·

61 2042 89 2087 is
123 2031 262 2106 quantas
285 2019 452 2106 designare
474 2022 631 2102 volumius,
654 2020 688 2084 id
711 2031 759 2086 est

61 2144 88 2188 17
276 2122 396 2188 Cubita

62 2247 90 2291 18
277 2225 389 2292 Ceflon

61 2349 89 2392 19
275 2331 447 2396 Nousarou

62 2451 91 2496 to
277 2433 392 2519 Scupis

127 2600 142 2643 ‘2
167 2599 354 2656 cosmographus
374 2597 392 2643 C
409 2599 470 2644 edili.
526 2600 540 2643 3
569 2599 701 2656 quomodo}
722 2597 790 2656 quasi
808 2598 872 2642 editt.

127 2671 141 2714 5
166 2668 269 2715 illiricus
287 2667 357 2724 ABG,
381 2671 405 2713 in
427 2667 572 2728 sequentibus
594 2681 758 2728 nonnunquam
780 2667 872 2727 yllir-

126 2737 163 2784 ael
181 2739 266 2785 illir-
294 2740 303 2784 ll
329 2742 356 2795 al
376 2740 406 2784 ad
425 2741 454 2784 Β.
522 2741 535 2784 6
564 2739 669 2785 maxime
692 2739 756 2784 edin.
784 2739 793 2783 11
818 2753 873 2797 pars

127 2809 323 2868 septentrionalis
352 2808 375 2854 C.
404 2810 413 2854 ΙΙ
439 2809 525 2856 illirius
553 2810 582 2854 B.
655 2811 669 2855 7
697 2811 769 2855 etiem
788 2823 832 2854 om.
852 2811 874 2854 B

45 2881 49 2892 “
128 2881 192 2926 editi.
219 2881 230 2925 ll
256 2880 384 2926 ascribitur
403 2879 427 2926 C.
478 2881 508 2925 10
531 2880 661 2934 Provinum
679 2885 703 2926 et
721 2879 871 2936 Marcellum]

128 2949 287 2997 Marcellinus
311 2957 333 2995 et
350 2951 467 2997 Probinus
489 2949 596 2996 consules
618 2953 674 2996 anni
692 2949 744 2995 342
758 2965 785 3008 p.
807 2949 873 3006 Ohr.,·

128 3020 161 3082 es.
169 3023 203 3068 lo.
214 3023 288 3080 Bapt.
297 3021 326 3066 de
334 3022 410 3078 Rosci,
430 3020 543 3068 Glornale
552 3021 670 3066 Arcadico
683 3022 706 3066 Τ.
717 3021 776 3078 124,
796 3023 873 3067 1851.

132 3093 161 3138 12
189 3091 355 3152 phylosophos
380 3094 409 3138 Α.
476 3094 506 3140 18
535 3093 654 3148 eiusdem]
679 3093 796 3138 eiusdicta
822 3093 873 3148 AB,

129 3163 245 3209 eiusdicte
260 3162 284 3220 C,
303 3163 408 3209 eiusdem
422 3164 480 3208 dicti
493 3163 557 3208 editt.
575 3163 585 3208 ll
601 3162 687 3208 illirioe
701 3161 725 3209 0.
776 3165 807 3209 17
827 3163 875 3210 Cu-

129 3235 192 3291 bita}
213 3232 317 3280 Gurbita
339 3234 393 3279 Tol.
450 3235 480 3279 18
509 3232 605 3289 Ceflonl
623 3233 662 3278 Ad
680 3233 798 3293 cephalon
819 3234 874 3279 Tab.

132 3305 162 3350 19
181 3304 315 3360 Nausaronl
328 3305 451 3350 Anausaro
467 3304 523 3350 Tel.
560 3304 592 3350 20
612 3302 707 3362 Scupisl
720 3304 804 3352 Sarnis
820 3305 876 3350 Tol.
