<?xml version="1.0" encoding="UTF-8"?>
<!DOCTYPE html PUBLIC "-//W3C//DTD XHTML 1.0 Transitional//EN"
    "http://www.w3.org/TR/xhtml1/DTD/xhtml1-transitional.dtd">
<html xmlns="http://www.w3.org/1999/xhtml" xml:lang="en" lang="en">
 <head>
  <title>
</title>
<meta http-equiv="Content-Type" content="text/html;charset=utf-8" />
  <meta name='ocr-system' content='tesseract 3.04.00' />
  <meta name='ocr-capabilities' content='ocr_page ocr_carea ocr_par ocr_line ocrx_word'/>
</head>
<body>
  <div class='ocr_page' id='page_1' title='image "./ravennatisanony02ravegoog/ravennatisanony02ravegoog_0574.png"; bbox 0 0 2234 3842; ppageno 0'>
   <div class='ocr_carea' id='block_1_1' title="bbox 75 340 892 394">
    <p class='ocr_par' dir='ltr' id='par_1_1' title="bbox 75 340 892 394">
     <span class='ocr_line' id='line_1_1' title="bbox 75 340 892 394; baseline 0.007 -6"><span class='ocrx_word' id='word_1_1' title='bbox 75 351 157 388; x_wconf 85' lang='lat' dir='ltr'><strong>ormo</strong></span> <span class='ocrx_word' id='word_1_2' title='bbox 176 342 223 388; x_wconf 76' lang='grc'><strong>111</strong></span> <span class='ocrx_word' id='word_1_3' title='bbox 840 340 892 394; x_wconf 79' lang='grc'><strong>541</strong></span> 
     </span>
    </p>
   </div>
   <div class='ocr_carea' id='block_1_2' title="bbox 9 483 955 3053">
    <p class='ocr_par' dir='ltr' id='par_1_2' title="bbox 9 483 955 1486">
     <span class='ocr_line' id='line_1_2' title="bbox 92 483 893 571; baseline 0.001 -20"><span class='ocrx_word' id='word_1_4' title='bbox 92 509 104 552; x_wconf 92' lang='lat'>1</span> <span class='ocrx_word' id='word_1_5' title='bbox 142 487 216 550; x_wconf 87' lang='lat' dir='ltr'><strong>tatis</strong></span> <span class='ocrx_word' id='word_1_6' title='bbox 240 483 362 550; x_wconf 79' lang='lat' dir='ltr'><strong>Christi</strong></span> <span class='ocrx_word' id='word_1_7' title='bbox 383 483 620 570; x_wconf 87' lang='lat' dir='ltr'><strong>praedicatione</strong></span> <span class='ocrx_word' id='word_1_8' title='bbox 642 485 804 571; x_wconf 86' lang='lat' dir='ltr'><strong>perduxit,</strong></span> <span class='ocrx_word' id='word_1_9' title='bbox 832 486 893 552; x_wconf 93' lang='lat' dir='ltr'><strong>ibi-</strong></span> 
     </span>
     <span class='ocr_line' id='line_1_3' title="bbox 90 587 892 672; baseline -0.002 -16"><span class='ocrx_word' id='word_1_10' title='bbox 90 612 104 656; x_wconf 75' lang='lat' dir='ltr'><strong>n</strong></span> <span class='ocrx_word' id='word_1_11' title='bbox 143 587 215 653; x_wconf 90' lang='lat' dir='ltr'><strong>dem</strong></span> <span class='ocrx_word' id='word_1_12' title='bbox 229 589 373 653; x_wconf 89' lang='lat' dir='ltr'><strong>martirio</strong></span> <span class='ocrx_word' id='word_1_13' title='bbox 389 597 560 654; x_wconf 86' lang='lat' dir='ltr'><strong>coronatus</strong></span> <span class='ocrx_word' id='word_1_14' title='bbox 577 589 744 672; x_wconf 82' lang='lat' dir='ltr'><strong>quiescens</strong></span> <span class='ocrx_word' id='word_1_15' title='bbox 758 590 892 654; x_wconf 89' lang='lat' dir='ltr'><strong>immen-</strong></span> 
     </span>
     <span class='ocr_line' id='line_1_4' title="bbox 91 690 892 760; baseline -0.001 -1"><span class='ocrx_word' id='word_1_16' title='bbox 91 715 106 760; x_wconf 74' lang='grc' dir='ltr'><em>ε</em></span> <span class='ocrx_word' id='word_1_17' title='bbox 141 692 185 756; x_wconf 91' lang='lat' dir='ltr'><strong>sis</strong></span> <span class='ocrx_word' id='word_1_18' title='bbox 225 691 397 756; x_wconf 80' lang='lat' dir='ltr'><strong>choruscat</strong></span> <span class='ocrx_word' id='word_1_19' title='bbox 434 690 618 758; x_wconf 84' lang='lat' dir='ltr'><strong>virtutibus.</strong></span> <span class='ocrx_word' id='word_1_20' title='bbox 673 693 757 756; x_wconf 92' lang='lat' dir='ltr'><strong>hanc</strong></span> <span class='ocrx_word' id='word_1_21' title='bbox 796 695 892 758; x_wconf 89' lang='lat' dir='ltr'><strong>etiam</strong></span> 
     </span>
     <span class='ocr_line' id='line_1_5' title="bbox 89 793 891 881; baseline -0.004 -17"><span class='ocrx_word' id='word_1_22' title='bbox 89 820 106 864; x_wconf 85' lang='lat'>4</span> <span class='ocrx_word' id='word_1_23' title='bbox 141 794 420 880; x_wconf 90' lang='lat' dir='ltr'><strong>splendidissimus</strong></span> <span class='ocrx_word' id='word_1_24' title='bbox 442 793 540 858; x_wconf 89' lang='lat' dir='ltr'><strong>levita</strong></span> <span class='ocrx_word' id='word_1_25' title='bbox 563 802 595 859; x_wconf 86' lang='lat' dir='ltr'><strong>ct</strong></span> <span class='ocrx_word' id='word_1_26' title='bbox 618 805 740 881; x_wconf 77' lang='lat' dir='ltr'>martyr</span> <span class='ocrx_word' id='word_1_27' title='bbox 760 793 891 862; x_wconf 89' lang='lat' dir='ltr'><strong>Ybasus</strong></span> 
     </span>
     <span class='ocr_line' id='line_1_6' title="bbox 91 897 955 982; baseline 0.003 -21"><span class='ocrx_word' id='word_1_28' title='bbox 91 923 118 970; x_wconf 49' lang='lat'><strong>5¹</strong></span> <span class='ocrx_word' id='word_1_29' title='bbox 140 919 214 962; x_wconf 90' lang='lat' dir='ltr'><strong>cum</strong></span> <span class='ocrx_word' id='word_1_30' title='bbox 248 899 314 963; x_wconf 91' lang='lat' dir='ltr'><strong>suis</strong></span> <span class='ocrx_word' id='word_1_31' title='bbox 348 897 444 963; x_wconf 87' lang='lat' dir='ltr'><strong>sociis</strong></span> <span class='ocrx_word' id='word_1_32' title='bbox 476 897 632 979; x_wconf 80' lang='lat' dir='ltr'><strong>illustrat,</strong></span> <span class='ocrx_word' id='word_1_33' title='bbox 665 899 721 982; x_wconf 92' lang='lat' dir='ltr'><strong>qui</strong></span> <span class='ocrx_word' id='word_1_34' title='bbox 753 899 891 964; x_wconf 79' lang='lat' dir='ltr'><strong>Athenis</strong></span> <span class='ocrx_word' id='word_1_35' title='bbox 953 976 955 982; x_wconf 27' lang='grc' dir='ltr'>Ι</span> 
     </span>
     <span class='ocr_line' id='line_1_7' title="bbox 9 1000 892 1090; baseline 0 -24"><span class='ocrx_word' id='word_1_36' title='bbox 9 1079 11 1090; x_wconf 37' lang='grc' dir='ltr'>Ι</span> <span class='ocrx_word' id='word_1_37' title='bbox 90 1027 105 1072; x_wconf 79' lang='lat' dir='ltr'><strong>a</strong></span> <span class='ocrx_word' id='word_1_38' title='bbox 141 1000 297 1066; x_wconf 87' lang='lat' dir='ltr'><strong>oriundus</strong></span> <span class='ocrx_word' id='word_1_39' title='bbox 331 1000 418 1086; x_wconf 88' lang='lat' dir='ltr'><strong>apud</strong></span> <span class='ocrx_word' id='word_1_40' title='bbox 451 1001 659 1085; x_wconf 80' lang='lat' dir='ltr'><strong>praemissam</strong></span> <span class='ocrx_word' id='word_1_41' title='bbox 687 1001 892 1086; x_wconf 84' lang='lat' dir='ltr'><strong>Apolloniam</strong></span> 
     </span>
     <span class='ocr_line' id='line_1_8' title="bbox 91 1102 891 1187; baseline -0.001 -17"><span class='ocrx_word' id='word_1_42' title='bbox 91 1132 105 1176; x_wconf 77' lang='lat'><strong>7</strong></span> <span class='ocrx_word' id='word_1_43' title='bbox 140 1105 283 1170; x_wconf 87' lang='lat' dir='ltr'><strong>martirio</strong></span> <span class='ocrx_word' id='word_1_44' title='bbox 306 1111 476 1170; x_wconf 91' lang='lat' dir='ltr'><strong>coronatus</strong></span> <span class='ocrx_word' id='word_1_45' title='bbox 500 1112 560 1186; x_wconf 78' lang='lat' dir='ltr'><strong>est,</strong></span> <span class='ocrx_word' id='word_1_46' title='bbox 581 1102 721 1187; x_wconf 87' lang='lat' dir='ltr'><strong>indeque</strong></span> <span class='ocrx_word' id='word_1_47' title='bbox 736 1103 891 1170; x_wconf 89' lang='lat' dir='ltr'><strong>advectus</strong></span> 
     </span>
     <span class='ocr_line' id='line_1_9' title="bbox 90 1207 894 1294; baseline 0 -22"><span class='ocrx_word' id='word_1_48' title='bbox 90 1235 104 1280; x_wconf 74' lang='lat' dir='ltr'><strong>a</strong></span> <span class='ocrx_word' id='word_1_49' title='bbox 141 1229 215 1272; x_wconf 93' lang='lat' dir='ltr'><strong>cum</strong></span> <span class='ocrx_word' id='word_1_50' title='bbox 237 1209 334 1273; x_wconf 88' lang='lat' dir='ltr'><strong>sociis</strong></span> <span class='ocrx_word' id='word_1_51' title='bbox 350 1216 382 1272; x_wconf 92' lang='lat' dir='ltr'><strong>et</strong></span> <span class='ocrx_word' id='word_1_52' title='bbox 397 1207 517 1272; x_wconf 86' lang='lat' dir='ltr'><strong>sanctis</strong></span> <span class='ocrx_word' id='word_1_53' title='bbox 534 1208 712 1294; x_wconf 84' lang='lat' dir='ltr'><strong>peregrinis</strong></span> <span class='ocrx_word' id='word_1_54' title='bbox 729 1209 894 1294; x_wconf 84' lang='lat' dir='ltr'><strong>signorum</strong></span> 
     </span>
     <span class='ocr_line' id='line_1_10' title="bbox 90 1309 892 1394; baseline -0.006 -14"><span class='ocrx_word' id='word_1_55' title='bbox 90 1335 104 1380; x_wconf 84' lang='lat' dir='ltr'><strong>e</strong></span> <span class='ocrx_word' id='word_1_56' title='bbox 140 1312 260 1376; x_wconf 87' lang='lat' dir='ltr'><strong>virtute</strong></span> <span class='ocrx_word' id='word_1_57' title='bbox 283 1309 323 1375; x_wconf 91' lang='lat' dir='ltr'><strong>ab</strong></span> <span class='ocrx_word' id='word_1_58' title='bbox 351 1309 566 1375; x_wconf 82' lang='lat' dir='ltr'><strong>invisibilibus</strong></span> <span class='ocrx_word' id='word_1_59' title='bbox 595 1319 692 1394; x_wconf 90' lang='lat' dir='ltr'><strong>atque</strong></span> <span class='ocrx_word' id='word_1_60' title='bbox 712 1310 892 1376; x_wconf 88' lang='lat' dir='ltr'><strong>visibilibus</strong></span> 
     </span>
     <span class='ocr_line' id='line_1_11' title="bbox 72 1413 622 1486; baseline -0.016 0"><span class='ocrx_word' id='word_1_61' title='bbox 72 1441 104 1486; x_wconf 79' lang='lat' dir='ltr'><strong>ro</strong></span> <span class='ocrx_word' id='word_1_62' title='bbox 140 1415 287 1480; x_wconf 91' lang='lat' dir='ltr'><strong>hostibus</strong></span> <span class='ocrx_word' id='word_1_63' title='bbox 311 1413 435 1480; x_wconf 83' lang='lat' dir='ltr'><strong>confert</strong></span> <span class='ocrx_word' id='word_1_64' title='bbox 456 1415 622 1478; x_wconf 89' lang='lat' dir='ltr'><strong>munitam.</strong></span> 
     </span>
    </p>

    <p class='ocr_par' dir='ltr' id='par_1_3' title="bbox 72 1516 894 2122">
     <span class='ocr_line' id='line_1_12' title="bbox 74 1516 893 1604; baseline -0.002 -19"><span class='ocrx_word' id='word_1_65' title='bbox 74 1547 103 1592; x_wconf 90' lang='lat'><strong>11</strong></span> <span class='ocrx_word' id='word_1_66' title='bbox 184 1519 218 1584; x_wconf 89' lang='lat' dir='ltr'>A</span> <span class='ocrx_word' id='word_1_67' title='bbox 240 1541 337 1604; x_wconf 90' lang='lat' dir='ltr'><strong>supra</strong></span> <span class='ocrx_word' id='word_1_68' title='bbox 360 1516 448 1582; x_wconf 88' lang='lat' dir='ltr'><strong>dicta</strong></span> <span class='ocrx_word' id='word_1_69' title='bbox 475 1518 576 1604; x_wconf 84' lang='lat' dir='ltr'><strong>igitur</strong></span> <span class='ocrx_word' id='word_1_70' title='bbox 597 1517 714 1582; x_wconf 89' lang='lat' dir='ltr'><strong>Larisa</strong></span> <span class='ocrx_word' id='word_1_71' title='bbox 734 1539 792 1603; x_wconf 89' lang='lat' dir='ltr'><strong>per</strong></span> <span class='ocrx_word' id='word_1_72' title='bbox 813 1519 893 1584; x_wconf 89' lang='lat' dir='ltr'><strong>hora</strong></span> 
     </span>
     <span class='ocr_line' id='line_1_13' title="bbox 73 1619 893 1707; baseline -0.002 -19"><span class='ocrx_word' id='word_1_73' title='bbox 73 1649 104 1695; x_wconf 82' lang='lat' dir='ltr'><strong>m</strong></span> <span class='ocrx_word' id='word_1_74' title='bbox 141 1623 238 1688; x_wconf 92' lang='lat' dir='ltr'><strong>maris</strong></span> <span class='ocrx_word' id='word_1_75' title='bbox 267 1644 369 1707; x_wconf 91' lang='lat' dir='ltr'><strong>usque</strong></span> <span class='ocrx_word' id='word_1_76' title='bbox 398 1619 441 1685; x_wconf 88' lang='lat' dir='ltr'><strong>ad</strong></span> <span class='ocrx_word' id='word_1_77' title='bbox 467 1621 553 1686; x_wconf 89' lang='lat' dir='ltr'><strong>hanc</strong></span> <span class='ocrx_word' id='word_1_78' title='bbox 575 1619 615 1686; x_wconf 88' lang='lat' dir='ltr'><strong>ab</strong></span> <span class='ocrx_word' id='word_1_79' title='bbox 638 1620 813 1686; x_wconf 84' lang='lat' dir='ltr'><strong>Anastasio</strong></span> <span class='ocrx_word' id='word_1_80' title='bbox 834 1623 893 1686; x_wconf 91' lang='lat' dir='ltr'><strong>im·</strong></span> 
     </span>
     <span class='ocr_line' id='line_1_14' title="bbox 73 1726 893 1811; baseline -0.001 -21"><span class='ocrx_word' id='word_1_81' title='bbox 73 1754 103 1799; x_wconf 86' lang='lat' dir='ltr'><strong>1a</strong></span> <span class='ocrx_word' id='word_1_82' title='bbox 140 1734 287 1811; x_wconf 90' lang='lat' dir='ltr'><strong>peratore</strong></span> <span class='ocrx_word' id='word_1_83' title='bbox 314 1732 525 1791; x_wconf 85' lang='lat' dir='ltr'><strong>restauratam</strong></span> <span class='ocrx_word' id='word_1_84' title='bbox 556 1747 653 1808; x_wconf 90' lang='lat' dir='ltr'><strong>quam</strong></span> <span class='ocrx_word' id='word_1_85' title='bbox 681 1746 768 1790; x_wconf 91' lang='lat' dir='ltr'><strong>nuno</strong></span> <span class='ocrx_word' id='word_1_86' title='bbox 791 1726 893 1790; x_wconf 85' lang='lat' dir='ltr'><strong>cerni·</strong></span> 
     </span>
     <span class='ocr_line' id='line_1_15' title="bbox 72 1827 893 1916; baseline -0.001 -22"><span class='ocrx_word' id='word_1_87' title='bbox 72 1856 104 1901; x_wconf 78' lang='lat'><strong>14</strong></span> <span class='ocrx_word' id='word_1_88' title='bbox 141 1852 212 1894; x_wconf 92' lang='lat' dir='ltr'><strong>mus</strong></span> <span class='ocrx_word' id='word_1_89' title='bbox 234 1828 435 1916; x_wconf 90' lang='lat' dir='ltr'><strong>Dyrachium</strong></span> <span class='ocrx_word' id='word_1_90' title='bbox 457 1827 604 1894; x_wconf 88' lang='lat' dir='ltr'><strong>civitates</strong></span> <span class='ocrx_word' id='word_1_91' title='bbox 632 1837 708 1892; x_wconf 92' lang='lat' dir='ltr'><strong>sunt</strong></span> <span class='ocrx_word' id='word_1_92' title='bbox 737 1829 893 1913; x_wconf 92' lang='lat' dir='ltr'><strong>quinqua-</strong></span> 
     </span>
     <span class='ocr_line' id='line_1_16' title="bbox 73 1933 894 2021; baseline -0.001 -23"><span class='ocrx_word' id='word_1_93' title='bbox 73 1960 103 2006; x_wconf 77' lang='lat'><strong>15</strong></span> <span class='ocrx_word' id='word_1_94' title='bbox 140 1933 233 2021; x_wconf 83' lang='lat' dir='ltr'><strong>ginta</strong></span> <span class='ocrx_word' id='word_1_95' title='bbox 271 1943 394 2018; x_wconf 84' lang='lat' dir='ltr'><strong>septem</strong></span> <span class='ocrx_word' id='word_1_96' title='bbox 434 1940 467 1996; x_wconf 88' lang='lat' dir='ltr'><strong>et</strong></span> <span class='ocrx_word' id='word_1_97' title='bbox 504 1940 720 2017; x_wconf 88' lang='lat' dir='ltr'><strong>supputantur</strong></span> <span class='ocrx_word' id='word_1_98' title='bbox 758 1933 894 1998; x_wconf 88' lang='lat' dir='ltr'><strong>miliaria</strong></span> 
     </span>
     <span class='ocr_line' id='line_1_17' title="bbox 72 2033 606 2122; baseline 0 -22"><span class='ocrx_word' id='word_1_99' title='bbox 72 2063 104 2108; x_wconf 79' lang='lat'><strong>16</strong></span> <span class='ocrx_word' id='word_1_100' title='bbox 140 2057 294 2122; x_wconf 88' lang='lat' dir='ltr'><strong>passuum</strong></span> <span class='ocrx_word' id='word_1_101' title='bbox 316 2036 402 2100; x_wconf 91' lang='lat' dir='ltr'><strong>mille</strong></span> <span class='ocrx_word' id='word_1_102' title='bbox 425 2033 606 2100; x_wconf 87' lang='lat' dir='ltr'><strong>duodecim.</strong></span> 
     </span>
    </p>

    <p class='ocr_par' dir='ltr' id='par_1_4' title="bbox 71 2136 732 2222">
     <span class='ocr_line' id='line_1_18' title="bbox 71 2136 732 2222; baseline -0.005 -16"><span class='ocrx_word' id='word_1_103' title='bbox 71 2167 103 2212; x_wconf 78' lang='lat'><strong>1⁷</strong></span> <span class='ocrx_word' id='word_1_104' title='bbox 168 2136 240 2206; x_wconf 83' lang='lat'>114.</span> <span class='ocrx_word' id='word_1_105' title='bbox 286 2138 375 2204; x_wconf 93' lang='lat' dir='ltr'><strong>Hinc</strong></span> <span class='ocrx_word' id='word_1_106' title='bbox 397 2159 524 2222; x_wconf 90' lang='lat' dir='ltr'><strong>quoque</strong></span> <span class='ocrx_word' id='word_1_107' title='bbox 547 2140 661 2206; x_wconf 87' lang='lat' dir='ltr'><strong>civitas</strong></span> <span class='ocrx_word' id='word_1_108' title='bbox 682 2149 732 2205; x_wconf 92' lang='lat' dir='ltr'><strong>est</strong></span> 
     </span>
    </p>

    <p class='ocr_par' dir='ltr' id='par_1_5' title="bbox 71 2243 437 2318">
     <span class='ocr_line' id='line_1_19' title="bbox 71 2243 437 2318; baseline 0 -12"><span class='ocrx_word' id='word_1_109' title='bbox 71 2273 104 2318; x_wconf 86' lang='lat'><strong>18</strong></span> <span class='ocrx_word' id='word_1_110' title='bbox 294 2243 437 2307; x_wconf 88' lang='lat' dir='ltr'><strong>Pistrum</strong></span> 
     </span>
    </p>

    <p class='ocr_par' dir='ltr' id='par_1_6' title="bbox 71 2347 423 2422">
     <span class='ocr_line' id='line_1_20' title="bbox 71 2347 423 2422; baseline 0 -12"><span class='ocrx_word' id='word_1_111' title='bbox 71 2377 103 2422; x_wconf 86' lang='lat'><strong>19</strong></span> <span class='ocrx_word' id='word_1_112' title='bbox 292 2347 423 2412; x_wconf 78' lang='lat' dir='ltr'><strong>Lissum</strong></span> 
     </span>
    </p>

    <p class='ocr_par' dir='ltr' id='par_1_7' title="bbox 70 2449 399 2527">
     <span class='ocr_line' id='line_1_21' title="bbox 70 2449 399 2527; baseline -0.006 -13"><span class='ocrx_word' id='word_1_113' title='bbox 70 2483 104 2527; x_wconf 75' lang='lat'><strong>20</strong></span> <span class='ocrx_word' id='word_1_114' title='bbox 291 2449 399 2514; x_wconf 80' lang='lat' dir='ltr'><strong>Diode</strong></span> 
     </span>
    </p>

    <p class='ocr_par' dir='ltr' id='par_1_8' title="bbox 70 2551 416 2634">
     <span class='ocr_line' id='line_1_22' title="bbox 70 2551 416 2634; baseline 0.003 -18"><span class='ocrx_word' id='word_1_115' title='bbox 70 2590 103 2634; x_wconf 74' lang='lat'><strong>21</strong></span> <span class='ocrx_word' id='word_1_116' title='bbox 293 2551 416 2618; x_wconf 73' lang='lat' dir='ltr'><strong>COdI&#39;aS</strong></span> 
     </span>
    </p>

    <p class='ocr_par' dir='ltr' id='par_1_9' title="bbox 70 2657 480 2736">
     <span class='ocr_line' id='line_1_23' title="bbox 70 2657 480 2736; baseline 0 -15"><span class='ocrx_word' id='word_1_117' title='bbox 70 2692 104 2736; x_wconf 74' lang='lat'><strong>22</strong></span> <span class='ocrx_word' id='word_1_118' title='bbox 290 2657 480 2722; x_wconf 91' lang='lat' dir='ltr'><strong>Buccinium</strong></span> 
     </span>
    </p>

    <p class='ocr_par' dir='ltr' id='par_1_10' title="bbox 71 2760 408 2838">
     <span class='ocr_line' id='line_1_24' title="bbox 71 2760 408 2838; baseline 0 -13"><span class='ocrx_word' id='word_1_119' title='bbox 71 2793 105 2838; x_wconf 75' lang='lat'><strong>23</strong></span> <span class='ocrx_word' id='word_1_120' title='bbox 291 2760 408 2825; x_wconf 88' lang='lat' dir='ltr'><strong>Budua</strong></span> 
     </span>
    </p>

    <p class='ocr_par' dir='ltr' id='par_1_11' title="bbox 72 2864 486 2948">
     <span class='ocr_line' id='line_1_25' title="bbox 72 2864 486 2948; baseline 0.01 -24"><span class='ocrx_word' id='word_1_121' title='bbox 72 2903 107 2948; x_wconf 75' lang='lat'><strong>24</strong></span> <span class='ocrx_word' id='word_1_122' title='bbox 293 2864 486 2930; x_wconf 87' lang='lat' dir='ltr'><strong>Decadaron</strong></span> 
     </span>
    </p>

    <p class='ocr_par' dir='ltr' id='par_1_12' title="bbox 73 2965 893 3053">
     <span class='ocr_line' id='line_1_26' title="bbox 73 2965 893 3053; baseline -0.004 -22"><span class='ocrx_word' id='word_1_123' title='bbox 73 3007 106 3052; x_wconf 77' lang='lat'><strong>25</strong></span> <span class='ocrx_word' id='word_1_124' title='bbox 293 2967 472 3053; x_wconf 83' lang='lat' dir='ltr'><strong>Epitauron</strong></span> <span class='ocrx_word' id='word_1_125' title='bbox 492 2967 548 3031; x_wconf 92' lang='lat' dir='ltr'><strong>ubi</strong></span> <span class='ocrx_word' id='word_1_126' title='bbox 568 2989 653 3031; x_wconf 91' lang='lat' dir='ltr'><strong>nunc</strong></span> <span class='ocrx_word' id='word_1_127' title='bbox 669 2977 718 3030; x_wconf 85' lang='lat' dir='ltr'><strong>est</strong></span> <span class='ocrx_word' id='word_1_128' title='bbox 733 2965 893 3030; x_wconf 83' lang='lat' dir='ltr'><strong>Ratisium</strong></span> 
     </span>
    </p>
   </div>
   <div class='ocr_carea' id='block_1_3' title="bbox 179 3190 855 3252">
    <p class='ocr_par' dir='ltr' id='par_1_13' title="bbox 179 3190 855 3252">
     <span class='ocr_line' id='line_1_27' title="bbox 179 3190 855 3252; baseline -0.003 -14"><span class='ocrx_word' id='word_1_129' title='bbox 179 3192 251 3238; x_wconf 69' lang='lat' dir='ltr'><strong>codas</strong></span> <span class='ocrx_word' id='word_1_130' title='bbox 270 3193 291 3238; x_wconf 89' lang='lat' dir='ltr'><strong>b.</strong></span> <span class='ocrx_word' id='word_1_131' title='bbox 472 3207 493 3236; x_wconf 84' lang='lat' dir='ltr'><strong>c.</strong></span> <span class='ocrx_word' id='word_1_132' title='bbox 505 3194 535 3236; x_wconf 88' lang='lat'><strong>11</strong></span> <span class='ocrx_word' id='word_1_133' title='bbox 550 3207 586 3252; x_wconf 74' lang='lat' dir='ltr'><strong>sp.</strong></span> <span class='ocrx_word' id='word_1_134' title='bbox 604 3190 638 3251; x_wconf 88' lang='lat' dir='ltr'><strong>cs.</strong></span> <span class='ocrx_word' id='word_1_135' title='bbox 650 3191 709 3237; x_wconf 74' lang='lat' dir='ltr'><strong>Rae.</strong></span> <span class='ocrx_word' id='word_1_136' title='bbox 723 3191 774 3238; x_wconf 79' lang='lat'><strong>379</strong></span> <span class='ocrx_word' id='word_1_137' title='bbox 793 3192 855 3250; x_wconf 66' lang='lat' dir='ltr'><strong>lap.</strong></span> 
     </span>
    </p>
   </div>
   <div class='ocr_carea' id='block_1_4' title="bbox 147 3313 822 3374">
    <p class='ocr_par' dir='ltr' id='par_1_14' title="bbox 147 3313 822 3374">
     <span class='ocr_line' id='line_1_28' title="bbox 147 3313 822 3374; baseline 0.001 -16"><span class='ocrx_word' id='word_1_138' title='bbox 147 3315 177 3358; x_wconf 86' lang='lat'><strong>14</strong></span> <span class='ocrx_word' id='word_1_139' title='bbox 205 3313 380 3372; x_wconf 85' lang='lat' dir='ltr'><strong>quinquaginta</strong></span> <span class='ocrx_word' id='word_1_140' title='bbox 396 3317 499 3371; x_wconf 76' lang='lat' dir='ltr'><strong>septem]</strong></span> <span class='ocrx_word' id='word_1_141' title='bbox 518 3319 572 3358; x_wconf 70' lang='lat' dir='ltr'><strong>soret</strong></span> <span class='ocrx_word' id='word_1_142' title='bbox 588 3315 757 3374; x_wconf 71' lang='lat' dir='ltr'><strong>quinquaqinta</strong></span> <span class='ocrx_word' id='word_1_143' title='bbox 774 3327 822 3359; x_wconf 78' lang='lat' dir='ltr'><strong>aaa.</strong></span> 
     </span>
    </p>
   </div>
   <div class='ocr_carea' id='block_1_5' title="bbox 0 0 1124 3842">
    <p class='ocr_par' dir='ltr' id='par_1_15' title="bbox 0 0 1124 3842">
     <span class='ocr_line' id='line_1_29' title="bbox 0 0 1124 3842; baseline 0 0"><span class='ocrx_word' id='word_1_144' title='bbox 0 0 1124 3842; x_wconf 95' lang='lat' dir='ltr'><strong> </strong></span> 
     </span>
    </p>
   </div>
  </div>
 </body>
</html>
