2242 3838
273 495 363 560 Nida

273 599 388 664 Dubio

274 703 382 769 Movit

273 807 365 873 Rura

273 911 357 976 Iuda

274 1017 407 1080 Arnefa.

85 1138 95 1182 r
158 1117 209 1186 25.
261 1117 384 1184 Iterum
413 1119 551 1205 desuper
581 1121 685 1205 ipsam
713 1119 875 1202 quomodo

84 1241 96 1284 8
129 1231 162 1286 ut
184 1221 328 1288 dicamus
351 1223 392 1286 nd
407 1223 522 1288 faoiom
537 1225 660 1309 patriae
675 1223 876 1287 Francorum

83 1329 107 1388 o'
129 1325 316 1391 Rinensium
346 1336 395 1392 est
420 1329 526 1412 patria
548 1349 629 1410 quae
653 1325 772 1391 dicitur
794 1327 877 1391 Tur-

70 1447 95 1490 10
127 1431 238 1516 mugio,
262 1453 343 1513 quae
366 1431 543 1514 antiquitus
560 1430 735 1497 Germania
753 1452 878 1494 nunou-

17 1555 18 1610 1
69 1550 93 1593 11
127 1543 229 1618 patm,
254 1557 336 1617 quae
356 1535 590 1619 propinquatur
612 1556 685 1598 oum
700 1535 804 1618 patria
819 1531 878 1599 Sor

70 1654 94 1698 12
128 1661 254 1702 xonum.
301 1661 397 1721 quam
420 1639 557 1724 patriam
580 1636 758 1702 secundum
781 1660 878 1723 supro

70 1759 94 1804 13
128 1743 281 1827 scriptum
292 1741 473 1806 Anaridum
487 1717 714 1826 philosophum
730 1740 878 1828 designo-

70 1862 94 1906 14
126 1845 240 1910 vimus.
287 1847 320 1910 in
350 1869 414 1930 qua
434 1847 539 1932 patria
561 1845 725 1928 aliquanta
747 1847 879 1910 nantolio

71 1963 94 2008 15
127 1950 224 2013 fuisso
247 1950 394 2036 legimus.
440 1974 498 2035 por
526 1973 623 2033 quam
645 1949 878 2036 Turringorum

68 2069 94 2113 16
127 2054 262 2137 patriam
284 2062 452 2118 transeunt
474 2055 612 2139 plurima
631 2052 774 2134 flumina,
796 2053 879 2116 inter

69 2175 93 2219 17
129 2167 233 2220 ootora
255 2179 337 2243 quae
360 2157 513 2221 dicuntur

68 2277 94 2322 18
277 2259 346 2324 Bao
369 2271 401 2324 ot

68 2380 93 2424 19
277 2363 458 2448 Regmum,
486 2365 541 2446 qui
564 2364 597 2426 in
620 2361 774 2427 Danubio
796 2385 878 2426 mor-

67 2487 93 2532 10
127 2478 255 2553 guntur.

130 2632 141 2675 1
170 2629 248 2686 Nida]
273 2629 342 2675 hodio
364 2625 443 2674 Nied?
515 2630 529 2673 2
558 2629 654 2684 Dubrn]
677 2628 746 2674 hodio
768 2625 879 2672 Toubor?

128 2702 141 2746 3
168 2701 259 2757 Movit}
288 2715 319 2746 an
346 2696 463 2744 Moenus?
561 2702 576 2745 4
605 2699 682 2755 Rura]
712 2698 780 2744 hodio
808 2697 879 2743 Roor.

128 2772 141 2816 5
168 2771 243 2828 Indu]
264 2772 337 2824 „hino
355 2772 427 2815 etiam
440 2770 541 2816 Indenso
558 2771 731 2817 monasterium
805 2781 879 2826 prope

126 2841 321 2902 Aquisgrnnum“
340 2839 427 2886 Porci.
478 2842 492 2886 6
512 2843 600 2888 oroiofo
620 2839 643 2898 0,
664 2840 732 2886 hodie
744 2839 806 2884 Erft.
822 2845 879 2897 post

126 2912 215 2958 Arnefa
235 2911 253 2958 0
270 2913 325 2958 odd.
350 2913 379 2957 do
397 2912 515 2970 turringia
537 2925 583 2970 quo
607 2912 740 2969 antiquitus
759 2911 882 2968 germanio

127 2989 286 3042 nuncupatur.
351 2985 364 3028 7
392 2981 495 3038 Iterum}
515 2984 571 3028 item
593 2982 616 3030 C.
682 2983 695 3028 9
723 2981 880 3026 Rhinensium

128 3053 190 3099 editi.
231 3054 241 3098 ΙΙ
279 3053 394 3112 Turingia
412 3053 476 3098 editi.
550 3056 579 3098 11
610 3055 675 3108 oum]
705 3058 729 3098 et
750 3051 793 3098 BC
815 3051 878 3097 editi.

130 3125 160 3168 12
181 3126 212 3170 13
232 3124 405 3182 supradictum
417 3122 441 3180 G,
454 3125 617 3182 supnoriptum
626 3123 656 3180 B,
669 3124 803 3182 praefatum
815 3122 879 3167 editi.

131 3195 160 3240 13
178 3195 321 3241 hunuridum
331 3196 359 3240 A.
378 3195 387 3240 ΙΙ
405 3195 557 3253 designamus
574 3193 597 3241 O.
663 3195 693 3241 15
709 3200 766 3252 post
778 3193 881 3252 legimus

128 3265 151 3310 B
168 3266 223 3312 add.
242 3267 269 3311 id
289 3271 337 3322 est,
365 3265 421 3312 editi
440 3265 495 3310 odd.
515 3267 541 3311 id
560 3272 596 3311 est
685 3265 695 3311 ΙΙ
720 3266 880 3323 Turingorum

130 3335 192 3382 editi.
251 3338 282 3382 18
302 3337 365 3392 Bao]
384 3335 548 3395 hodioWnag.
606 3337 637 3382 19
656 3336 793 3396 Roganuml
813 3333 881 3380 hodie

129 3407 217 3466 Regen.
237 3408 247 3452 ΙΙ
265 3409 319 3465 qui]
333 3420 394 3465 quae
408 3407 472 3452 edin.
522 3409 553 3453 20
570 3414 627 3466 port
638 3413 777 3466 merguntur
792 3405 810 3450 0
826 3405 880 3450 add.
