2198 3840
230 293 283 348 384
973 301 1043 349 vlo

251 467 261 508 1
333 441 384 510 15.
436 444 523 510 Ecce
551 454 655 510 totum
670 435 673 440 ¹
691 467 780 510 mare
807 468 961 533 maguum
988 448 1047 510 cir-

250 569 264 612 2
302 557 488 612 cumeuntes
518 549 664 614 civitates
701 551 788 615 circu
820 549 923 635 ipsius
957 549 1049 613 litora

249 671 263 714 3
299 651 432 734 positas,
455 651 507 715 vel
529 652 708 735 aliquantas
728 675 869 737 quarum
890 652 1049 715 territoria

248 774 264 818 4
300 773 402 836 usque
436 753 478 818 ad
506 778 604 841 supra
631 757 786 842 scriptum
813 777 903 820 mare
930 755 1048 839 pertiu-

249 876 263 921 s
300 866 382 943 gunt
405 865 438 922 et
459 859 550 924 iuxta
570 860 676 944 ipsum
697 861 842 925 reiacent
869 881 934 922 non
953 859 1047 944 longe

249 979 263 1024 c
301 959 388 1044 quod
410 960 586 1047 discrepet,
616 962 769 1027 minutius
798 961 1046 1049 designavimus,

249 1085 262 1128 7
300 1055 333 1127 et
361 1074 437 1130 sunt
465 1065 561 1130 simul
589 1067 623 1129 in
651 1088 751 1130 unum
778 1066 925 1130 civitates
948 1064 1047 1128 octin-

248 1191 262 1235 s
299 1178 416 1254 gentse
436 1167 669 1255 quinquaginta
683 1167 759 1252 duo,
782 1177 815 1233 et
834 1176 1047 1256 supputantur

247 1296 261 1339 o
298 1291 361 1336 run
372 1272 459 1338 mille
470 1273 609 1336 miliaria
624 1281 656 1336 et
671 1290 785 1337 ceuceu
801 1281 834 1336 et
847 1291 888 1336 xx
901 1271 1045 1334 miliaria

230 1390 260 1434 1⁰
341 1375 461 1440 Nullus
484 1384 590 1438 autern
612 1376 760 1441 aestimet
782 1374 869 1460 quod
884 1397 942 1460 per
956 1375 1047 1461 igno-

229 1496 258 1539 11
298 1479 435 1542 rentiam
464 1500 562 1564 supra
590 1477 727 1564 scriptas
758 1479 880 1564 patrias
908 1479 1045 1563 recipro-

230 1600 260 1644 η
299 1580 445 1646 cabiliter
456 1590 512 1645 aut
521 1581 606 1646 inter
615 1583 786 1646 varietates
796 1581 1045 1668 designavimus,

228 1707 260 1751 rs
297 1683 374 1750 dum
390 1683 582 1768 quandoque
597 1685 687 1750 iuxta
702 1683 882 1766 Oceanum,
904 1683 1044 1768 quando-

296 1943 311 1986 2
339 1943 391 2000 ipsa
409 1941 453 1986 AB
471 1941 535 1987 editi.
563 1942 572 1988 ll
598 1941 681 1988 littore
698 1940 746 1988 Ro.
820 1943 834 1988 3
863 1943 957 2002 positae
979 1943 1041 1988 editi.

295 2011 356 2057 llvel
383 2025 428 2056 om.
449 2009 473 2056 0.
510 2013 519 2058 ll
562 2013 710 2071 aliquantas]
734 2007 913 2070 aliquantarum
935 2015 958 2059 B
980 2013 1042 2059 editt

295 2083 371 2140 lipost
388 2095 488 2140 quarum
508 2084 529 2128 Β
548 2083 604 2128 edili
617 2083 707 2128 addunt
718 2084 852 2128 ciuitatum.
906 2085 920 2130 5
940 2089 964 2130 et
975 2085 1042 2130 iuxta

296 2154 354 2198 -6
374 2153 493 2211 discrepet
505 2167 549 2198 om.
559 2155 603 2200 AB
615 2153 679 2200 editi.
724 2154 862 2201 ssmineius‘
872 2155 904 2200 B.
942 2153 1043 2202 isimul

295 2224 406 2268 inunum
425 2223 582 2270 om.Bediti.
609 2223 619 2270 ΙΙ
645 2225 755 2270 civitates
767 2239 812 2270 um.
824 2223 848 2272 0.
899 2228 913 2272 'l
935 2227 949 2271 8
969 2227 1042 2272 octin-

294 2299 380 2352 gentae
392 2293 568 2354 quinquaginta
580 2297 640 2351 duc}
658 2309 761 2340 summae
778 2295 808 2340 al
827 2302 926 2342 coctura
938 2299 962 2342 io
979 2295 1043 2342 calce

289 2367 397 2422 *capiam
413 2368 506 2422 positae
523 2363 630 2426 officum
642 2366 700 2423 848,
720 2365 762 2412 sed
775 2379 886 2412 nomem
896 2366 1042 2428 scapularum

294 2435 386 2481 urbiam
399 2441 433 2480 est
447 2435 507 2481 837.
562 2439 575 2482 7
605 2437 751 2496 octingintae
764 2436 828 2482 editi.
883 2439 897 2484 8
927 2439 1043 2497 quinqua·

294 2507 362 2564 ginta
380 2507 441 2562 duo]
460 2513 485 2553 et
502 2519 537 2552 uu
556 2506 580 2553 0.
635 2508 650 2553 8
678 2512 703 2553 et
721 2513 882 2566 supputantur
899 2522 944 2554 ora.
957 2508 1041 2554 Porci.

295 2579 309 2622 9
338 2589 394 2622 xnn
406 2577 470 2623 mille
483 2577 586 2624 miliaria
597 2583 621 2624 et
633 2589 735 2624 cccocc
748 2583 772 2624 ct
783 2591 820 2624 xx
832 2578 948 2636 miliaria}
966 2581 1001 2624 sic
1019 2577 1040 2632 O,

293 2649 357 2692 ratio
383 2655 487 2704 constet,¹
515 2649 618 2696 miliaria
638 2649 752 2696 tredecim
779 2653 903 2704 {trecenta
919 2651 954 2706 A)
978 2650 1041 2696 milis

294 2719 397 2763 ducenta
423 2720 555 2779 nonaginta
581 2724 636 2766 oetc
663 2720 708 2765 AB
729 2720 798 2776 editu
822 2718 855 2780 ef.
876 2721 1004 2766 Gnidouem
1021 2727 1041 2764 et

294 2795 425 2848 computum
446 2792 470 2836 ia
487 2793 580 2851 popina
600 2793 710 2850 sequenti.
756 2791 765 2836 ll
804 2797 863 2849 post
882 2803 920 2836 xx
941 2791 1041 2837 miliaria

296 2857 379 2905 caud.
398 2866 454 2906 sunt
472 2861 553 2919 itaque
565 2862 590 2906 in
602 2875 676 2906 unum
688 2862 800 2907 civitates
813 2862 876 2907 circu
887 2861 961 2908 litura
972 2862 1040 2908 maris

293 2944 308 2975 u
330 2930 401 2976 uobis
429 2931 565 2991 designatas
592 2943 745 2989 ooc‚cce‚cc
769 2939 794 2978 et
815 2945 860 2990 uu,
894 2939 919 2978 et
941 2932 1041 2979 miliaria

293 3007 461 3060 supputantur,
481 3009 508 3048 ut
521 3003 632 3058 diximus,
646 3017 688 3062 per
701 3003 882 3060 quatuordecim
893 3004 960 3049 vices
973 3002 1039 3058 „mil-

292 3071 377 3117 liaria“
397 3071 462 3118 mille
481 3073 599 3119 adiunctis
617 3074 689 3120 etiarn
707 3075 753 3120 hiis
771 3073 914 3119 milliaribus
932 3087 982 3120 ecc
993 3085 1038 3120 ecc

292 3148 317 3187 et
333 3155 378 3188 xx.
414 3143 529 3204 prologus
547 3144 651 3190 auctoris
670 3145 701 3190 ad
719 3145 907 3190 confirmandum
919 3146 1038 3204 portiones

286 3218 340 3259 'tres
358 3213 454 3271 equulos
471 3227 529 3260 esse.
586 3216 616 3260 10
636 3219 727 3272 autem]
746 3215 809 3261 enim
827 3215 872 3260 AB
889 3215 955 3261 cdiii.
974 3216 984 3261 ll
999 3229 1037 3260 ex·

292 3285 373 3328 stimet
386 3286 412 3340 A,
433 3287 533 3331 extimet
548 3285 571 3332 C.
599 3286 608 3330 ΙΙ
634 3287 796 3344 ignoranciam
816 3284 865 3332 BC.
