2198 3840
227 298 280 354 394
964 306 1032 352 val

248 471 259 516 r
341 447 405 514 Per
432 448 570 515 insulam
592 445 693 535 Cypri
718 457 889 516 transeunt
909 449 1036 535 plurima

184 553 187 564 '
247 576 261 620 s
297 551 438 634 flumina,
459 552 543 616 inter
566 559 673 619 catera
694 575 777 618 unus
797 554 857 638 qui
880 551 988 620 dicitur

246 680 261 724 a
446 654 606 738 Basileus,
634 656 690 740 qui
710 656 892 743 ingreditur
911 657 944 720 in
963 655 1035 720 mari

246 783 260 826 4
297 780 414 844 magno
436 781 457 824 a
476 767 568 844 parte
590 760 682 843 quasi
697 757 822 846 Syriae.
867 761 947 826 alius
966 781 1035 823 vero

247 883 260 927 s
297 859 413 928 fluvius
437 860 555 928 dicitur

246 990 260 1034 a
446 965 563 1048 Licus,
601 965 657 1049 qui
689 965 870 1053 ingreditur
900 968 933 1031 in
964 965 1035 1030 mari

247 1091 261 1134 7
297 1090 424 1155 magno.

246 1194 261 1238 s
340 1171 374 1236 A
395 1181 485 1256 parte
508 1168 620 1257 Syriae
651 1180 701 1238 est
723 1173 816 1256 quasi
836 1173 928 1238 iuxta
949 1195 1035 1257 supra

247 1298 261 1341 a
298 1274 451 1360 scriptam
475 1271 619 1360 Cyprum
640 1274 746 1342 insula
766 1297 849 1359 quac
873 1274 988 1341 dicitur

231 1403 261 1448 ιο
447 1375 535 1443 Stira

231 1509 261 1554 11
447 1480 553 1546 insula
574 1479 712 1546 Arados.

231 1611 262 1656 12
344 1583 429 1652 Sunt
451 1583 568 1648 etenim
590 1584 624 1648 in
646 1584 718 1670 ipsa
738 1586 870 1672 regione
885 1586 990 1666 maris,
1008 1583 1038 1647 id

231 1717 262 1762 13
299 1697 349 1754 est
377 1711 419 1752 ex
446 1687 545 1752 latere
572 1686 756 1772 praedictae
779 1685 897 1774 Cypri,
925 1688 1038 1754 insula

231 1818 263 1865 14
299 1815 381 1877 quae
404 1790 556 1856 dicuntur

232 1922 262 1967 η
449 1891 669 1977 Chelidoniae,
690 1895 807 1962 iterum
822 1918 911 1978 ‘quae
932 1894 1040 1960 dicitur

231 2025 262 2070 rs
449 1997 571 2064 Rodos.

232 2127 263 2172 17
332 2100 383 2171 21.
428 2102 550 2167 Iterum
559 2125 618 2187 per
628 2101 790 2171 diversum
800 2123 888 2168 mare
898 2123 1041 2189 magnum

233 2231 263 2277 18
299 2206 455 2292 plurimae
477 2212 641 2291 ponuntur
662 2205 796 2287 insulae,
819 2203 854 2268 id
876 2213 927 2269 est

233 2333 263 2380 19
449 2306 569 2374 Serusa

232 2437 265 2482 sc
454 2408 612 2476 Caramen

304 2649 315 2691 1
345 2646 404 2704 cipri
422 2645 450 2690 B.
525 2647 539 2690 2
565 2651 621 2702 post
639 2649 717 2692 cetera
741 2644 831 2691 Cadd.
850 2659 912 2703 quae
930 2645 1042 2690 dicuntur.

300 2717 310 2764 ΙΙ
318 2723 375 2775 post
392 2729 453 2762 unus
473 2714 564 2762 dudd.
583 2719 626 2762 est.
680 2716 694 2760 8
720 2714 840 2772 Basileus}
860 2714 1044 2774 „Bceitopotami

295 2785 401 2847 flaminia
413 2787 516 2832 meminit
528 2785 608 2843 Scapt.
624 2785 719 2845 Lariyc.
733 2787 793 2831 c.7“
812 2785 899 2832 Porcii.
948 2787 964 2831 4
982 2783 1043 2842 quasi

300 2864 356 2904 aare
370 2856 509 2916 Syriacam.
524 2856 545 2900 A
560 2861 582 2902 at
595 2857 664 2913 ponit
680 2857 723 2903 a&
738 2862 794 2914 poet
806 2861 882 2914 parta.
938 2858 953 2902 6
971 2855 1043 2914 Lycus

302 2929 366 2985 editi,
385 2921 481 2976 Λῦκου
493 2925 621 2992 ποταμοῦ
633 2922 746 2991 duflum
754 2925 818 2974 Ptol.
848 2951 849 2954 =
867 2928 881 2972 8
901 2933 957 2972 uate
968 2925 1043 2985 Syriae

303 2997 321 3046 C
343 2999 398 3046 add.
425 2998 504 3056 quasi;
532 2995 566 3056 cs.
589 3011 610 3041 r.
624 2996 648 3044 d.
723 2999 753 3044 10
782 2995 859 3052 Stiral
884 2995 958 3044 Stiria
987 2994 1041 3041 Plan.

304 3071 333 3115 11
354 3070 440 3116 arados
454 3066 477 3125 C,
497 3074 531 3114 art
549 3067 650 3123 Aradus,
670 3065 895 3114 Ptouaiceaiaralu.
939 3066 970 3113 15
989 3065 1042 3112 Che·

300 3140 406 3186 lidoniae
417 3141 487 3184 etiam
496 3135 696 3184 Pharasmani.
736 3139 767 3184 16
785 3137 884 3185 Rhodos
894 3137 958 3195 aditi,
973 3134 1043 3184 Insula

300 3209 399 3256 Rhodos
411 3209 467 3256 Tac.
487 3208 496 3254 ΙΙ
516 3215 573 3266 post
585 3209 666 3254 Rcdca
686 3207 776 3256 caud.
795 3209 824 3256 de
842 3207 953 3267 plurimis
969 3204 1042 3254 insulis

300 3293 343 3338 per
358 3281 475 3325 diversum
495 3293 559 3325 mara
578 3293 689 3339 magnum
710 3279 802 3335 positis.
868 3281 900 3326 19
928 3291 1007 3326 cerusa
1022 3273 1041 3322 C·
