<?xml version="1.0" encoding="UTF-8"?>
<!DOCTYPE html PUBLIC "-//W3C//DTD XHTML 1.0 Transitional//EN"
    "http://www.w3.org/TR/xhtml1/DTD/xhtml1-transitional.dtd">
<html xmlns="http://www.w3.org/1999/xhtml" xml:lang="en" lang="en">
 <head>
  <title>
</title>
<meta http-equiv="Content-Type" content="text/html;charset=utf-8" />
  <meta name='ocr-system' content='tesseract 3.04.00' />
  <meta name='ocr-capabilities' content='ocr_page ocr_carea ocr_par ocr_line ocrx_word'/>
</head>
<body>
  <div class='ocr_page' id='page_1' title='image "./ravennatisanony02ravegoog/ravennatisanony02ravegoog_0236.png"; bbox 0 0 2242 3838; ppageno 0'>
   <div class='ocr_carea' id='block_1_1' title="bbox 26 322 867 392">
    <p class='ocr_par' dir='ltr' id='par_1_1' title="bbox 26 322 867 392">
     <span class='ocr_line' id='line_1_1' title="bbox 26 322 867 392; baseline 0.005 -21"><span class='ocrx_word' id='word_1_1' title='bbox 26 389 27 392; x_wconf 8' lang='grc' dir='ltr'><strong>Ἴ</strong></span> <span class='ocrx_word' id='word_1_2' title='bbox 59 325 138 371; x_wconf 80' lang='lat' dir='ltr'>1v14</span> <span class='ocrx_word' id='word_1_3' title='bbox 813 322 867 376; x_wconf 64' lang='lat' dir='ltr'>ooo</span> 
     </span>
    </p>
   </div>
   <div class='ocr_carea' id='block_1_2' title="bbox 16 467 964 2296">
    <p class='ocr_par' dir='ltr' id='par_1_2' title="bbox 16 467 964 2296">
     <span class='ocr_line' id='line_1_2' title="bbox 74 467 866 557; baseline -0.001 -20"><span class='ocrx_word' id='word_1_4' title='bbox 74 495 83 537; x_wconf 92' lang='lat'>1</span> <span class='ocrx_word' id='word_1_5' title='bbox 120 469 179 535; x_wconf 87' lang='lat' dir='ltr'>bus</span> <span class='ocrx_word' id='word_1_6' title='bbox 196 493 256 556; x_wconf 86' lang='lat' dir='ltr'>ego</span> <span class='ocrx_word' id='word_1_7' title='bbox 271 470 337 557; x_wconf 86' lang='lat' dir='ltr'>legi</span> <span class='ocrx_word' id='word_1_8' title='bbox 351 469 501 534; x_wconf 81' lang='lat' dir='ltr'>Menelao</span> <span class='ocrx_word' id='word_1_9' title='bbox 516 477 548 534; x_wconf 81' lang='lat' dir='ltr'>et</span> <span class='ocrx_word' id='word_1_10' title='bbox 562 470 787 536; x_wconf 80' lang='lat' dir='ltr'>Aristarchum</span> <span class='ocrx_word' id='word_1_11' title='bbox 798 467 866 536; x_wconf 85' lang='lat' dir='ltr'>Go-</span> 
     </span>
     <span class='ocr_line' id='line_1_3' title="bbox 72 565 964 659; baseline -0.001 -20"><span class='ocrx_word' id='word_1_12' title='bbox 72 595 84 639; x_wconf 71' lang='lat' dir='ltr'>r</span> <span class='ocrx_word' id='word_1_13' title='bbox 118 574 246 638; x_wconf 87' lang='lat' dir='ltr'>thorum</span> <span class='ocrx_word' id='word_1_14' title='bbox 267 572 491 659; x_wconf 82' lang='lat' dir='ltr'>philosophos;</span> <span class='ocrx_word' id='word_1_15' title='bbox 521 572 579 638; x_wconf 85' lang='lat' dir='ltr'>sed</span> <span class='ocrx_word' id='word_1_16' title='bbox 605 577 667 659; x_wconf 86' lang='lat' dir='ltr'>¹ego</span> <span class='ocrx_word' id='word_1_17' title='bbox 689 572 866 639; x_wconf 81' lang='lat' dir='ltr'>seeundum</span> <span class='ocrx_word' id='word_1_18' title='bbox 960 565 964 574; x_wconf 65' lang='grc'><strong>’</strong></span> 
     </span>
     <span class='ocr_line' id='line_1_4' title="bbox 72 675 865 763; baseline -0.004 -18"><span class='ocrx_word' id='word_1_19' title='bbox 72 701 84 745; x_wconf 77' lang='lat' dir='ltr'>e</span> <span class='ocrx_word' id='word_1_20' title='bbox 117 675 302 742; x_wconf 81' lang='lat' dir='ltr'>Sardatium</span> <span class='ocrx_word' id='word_1_21' title='bbox 331 678 418 762; x_wconf 85' lang='lat' dir='ltr'>ipsas</span> <span class='ocrx_word' id='word_1_22' title='bbox 449 677 570 761; x_wconf 80' lang='lat' dir='ltr'>patrias</span> <span class='ocrx_word' id='word_1_23' title='bbox 600 675 776 763; x_wconf 79' lang='lat' dir='ltr'><strong>designavi.</strong></span> <span class='ocrx_word' id='word_1_24' title='bbox 830 679 865 742; x_wconf 92' lang='lat' dir='ltr'>in</span> 
     </span>
     <span class='ocr_line' id='line_1_5' title="bbox 71 781 864 866; baseline -0.003 -19"><span class='ocrx_word' id='word_1_25' title='bbox 71 806 84 848; x_wconf 79' lang='lat'>4</span> <span class='ocrx_word' id='word_1_26' title='bbox 117 803 194 863; x_wconf 87' lang='lat' dir='ltr'>quas</span> <span class='ocrx_word' id='word_1_27' title='bbox 220 782 386 846; x_wconf 84' lang='lat' dir='ltr'>Dacorum</span> <span class='ocrx_word' id='word_1_28' title='bbox 413 781 534 865; x_wconf 76' lang='lat' dir='ltr'>patrias</span> <span class='ocrx_word' id='word_1_29' title='bbox 562 781 738 864; x_wconf 76' lang='lat' dir='ltr'>antiquitus</span> <span class='ocrx_word' id='word_1_30' title='bbox 765 781 864 866; x_wconf 87' lang='lat' dir='ltr'>pluri-</span> 
     </span>
     <span class='ocr_line' id='line_1_6' title="bbox 71 883 863 972; baseline -0.003 -20"><span class='ocrx_word' id='word_1_31' title='bbox 71 907 83 952; x_wconf 75' lang='lat' dir='ltr'>e</span> <span class='ocrx_word' id='word_1_32' title='bbox 116 907 183 949; x_wconf 83' lang='lat' dir='ltr'>mas</span> <span class='ocrx_word' id='word_1_33' title='bbox 205 885 306 949; x_wconf 85' lang='lat' dir='ltr'>fuisse</span> <span class='ocrx_word' id='word_1_34' title='bbox 330 883 475 948; x_wconf 80' lang='lat' dir='ltr'>civitatee</span> <span class='ocrx_word' id='word_1_35' title='bbox 503 884 656 972; x_wconf 85' lang='lat' dir='ltr'>legimus,</span> <span class='ocrx_word' id='word_1_36' title='bbox 685 907 725 948; x_wconf 87' lang='lat' dir='ltr'>ex</span> <span class='ocrx_word' id='word_1_37' title='bbox 748 884 863 969; x_wconf 84' lang='lat' dir='ltr'>quibus</span> 
     </span>
     <span class='ocr_line' id='line_1_7' title="bbox 69 986 795 1074; baseline 0.003 -22"><span class='ocrx_word' id='word_1_38' title='bbox 69 1009 81 1052; x_wconf 82' lang='lat' dir='ltr'>o</span> <span class='ocrx_word' id='word_1_39' title='bbox 116 987 296 1072; x_wconf 81' lang='lat' dir='ltr'>aliquantas</span> <span class='ocrx_word' id='word_1_40' title='bbox 319 986 487 1074; x_wconf 82' lang='lat' dir='ltr'>designare</span> <span class='ocrx_word' id='word_1_41' title='bbox 509 989 667 1071; x_wconf 87' lang='lat' dir='ltr'>volumus,</span> <span class='ocrx_word' id='word_1_42' title='bbox 689 988 724 1054; x_wconf 89' lang='lat' dir='ltr'>id</span> <span class='ocrx_word' id='word_1_43' title='bbox 746 996 795 1054; x_wconf 78' lang='lat' dir='ltr'>est</span> 
     </span>
     <span class='ocr_line' id='line_1_8' title="bbox 264 1089 420 1156; baseline -0.006 0"><span class='ocrx_word' id='word_1_44' title='bbox 264 1089 420 1156; x_wconf 79' lang='lat' dir='ltr'>Drubetis</span> 
     </span>
     <span class='ocr_line' id='line_1_9' title="bbox 265 1193 404 1259; baseline 0.007 -1"><span class='ocrx_word' id='word_1_45' title='bbox 265 1193 404 1259; x_wconf 81' lang='lat' dir='ltr'>Medilae</span> 
     </span>
     <span class='ocr_line' id='line_1_10' title="bbox 264 1298 431 1362; baseline 0.012 -2"><span class='ocrx_word' id='word_1_46' title='bbox 264 1298 431 1362; x_wconf 79' lang='lat' dir='ltr'>Pretorioh</span> 
     </span>
     <span class='ocr_line' id='line_1_11' title="bbox 264 1401 412 1466; baseline 0.007 -1"><span class='ocrx_word' id='word_1_47' title='bbox 264 1401 412 1466; x_wconf 88' lang='lat' dir='ltr'>Panonin</span> 
     </span>
     <span class='ocr_line' id='line_1_12' title="bbox 266 1503 432 1571; baseline 0.006 -1"><span class='ocrx_word' id='word_1_48' title='bbox 266 1503 432 1571; x_wconf 87' lang='lat' dir='ltr'>Gazanam</span> 
     </span>
     <span class='ocr_line' id='line_1_13' title="bbox 265 1608 445 1676; baseline 0.017 -3"><span class='ocrx_word' id='word_1_49' title='bbox 265 1608 445 1676; x_wconf 84' lang='lat' dir='ltr'>Masolunio</span> 
     </span>
     <span class='ocr_line' id='line_1_14' title="bbox 264 1711 863 1798; baseline 0.002 -21"><span class='ocrx_word' id='word_1_50' title='bbox 264 1712 367 1796; x_wconf 81' lang='lat' dir='ltr'>Tibis‚</span> <span class='ocrx_word' id='word_1_51' title='bbox 391 1737 473 1798; x_wconf 86' lang='lat' dir='ltr'>quae</span> <span class='ocrx_word' id='word_1_52' title='bbox 497 1711 701 1798; x_wconf 77' lang='lat' dir='ltr'>coniungitur</span> <span class='ocrx_word' id='word_1_53' title='bbox 723 1733 796 1777; x_wconf 88' lang='lat' dir='ltr'>oum</span> <span class='ocrx_word' id='word_1_54' title='bbox 819 1714 863 1778; x_wconf 93' lang='lat' dir='ltr'>oi·</span> 
     </span>
     <span class='ocr_line' id='line_1_15' title="bbox 17 1815 702 1903; baseline 0.004 -27"><span class='ocrx_word' id='word_1_55' title='bbox 17 1857 18 1860; x_wconf 19' lang='grc' dir='ltr'><strong>κ</strong></span> <span class='ocrx_word' id='word_1_56' title='bbox 57 1833 82 1877; x_wconf 78' lang='lat'>14</span> <span class='ocrx_word' id='word_1_57' title='bbox 113 1817 211 1882; x_wconf 78' lang='lat' dir='ltr'>vitate</span> <span class='ocrx_word' id='word_1_58' title='bbox 235 1816 398 1902; x_wconf 84' lang='lat' dir='ltr'>Agmonia</span> <span class='ocrx_word' id='word_1_59' title='bbox 420 1817 542 1903; x_wconf 76' lang='lat' dir='ltr'>patriae</span> <span class='ocrx_word' id='word_1_60' title='bbox 564 1815 702 1902; x_wconf 88' lang='lat' dir='ltr'>Mysiae.</span> 
     </span>
     <span class='ocr_line' id='line_1_16' title="bbox 16 1919 862 2006; baseline 0.002 -23"><span class='ocrx_word' id='word_1_61' title='bbox 16 1925 18 1968; x_wconf 79' lang='grc' dir='ltr'>ὲ</span> <span class='ocrx_word' id='word_1_62' title='bbox 56 1939 80 1984; x_wconf 74' lang='lat'>1⁵</span> <span class='ocrx_word' id='word_1_63' title='bbox 155 1921 240 1985; x_wconf 78' lang='lat' dir='ltr'>Item</span> <span class='ocrx_word' id='word_1_64' title='bbox 270 1919 313 1984; x_wconf 86' lang='lat' dir='ltr'>ad</span> <span class='ocrx_word' id='word_1_65' title='bbox 342 1922 436 1986; x_wconf 89' lang='lat' dir='ltr'>aliam</span> <span class='ocrx_word' id='word_1_66' title='bbox 463 1929 588 2006; x_wconf 85' lang='lat' dir='ltr'>partem</span> <span class='ocrx_word' id='word_1_67' title='bbox 616 1928 691 1984; x_wconf 85' lang='lat' dir='ltr'>sunt</span> <span class='ocrx_word' id='word_1_68' title='bbox 717 1920 862 1985; x_wconf 81' lang='lat' dir='ltr'>oivitates</span> 
     </span>
     <span class='ocr_line' id='line_1_17' title="bbox 16 2024 537 2110; baseline 0 -23"><span class='ocrx_word' id='word_1_69' title='bbox 16 2033 17 2036; x_wconf 76' lang='grc'>’</span> <span class='ocrx_word' id='word_1_70' title='bbox 57 2043 81 2088; x_wconf 78' lang='lat' dir='ltr'>ro</span> <span class='ocrx_word' id='word_1_71' title='bbox 113 2026 145 2089; x_wconf 90' lang='lat' dir='ltr'>in</span> <span class='ocrx_word' id='word_1_72' title='bbox 168 2026 257 2110; x_wconf 84' lang='lat' dir='ltr'>ipsas</span> <span class='ocrx_word' id='word_1_73' title='bbox 280 2025 407 2106; x_wconf 79' lang='lat' dir='ltr'>Datias,</span> <span class='ocrx_word' id='word_1_74' title='bbox 430 2024 537 2090; x_wconf 78' lang='lat' dir='ltr'>idest</span> 
     </span>
     <span class='ocr_line' id='line_1_18' title="bbox 55 2128 364 2192; baseline 0.006 -2"><span class='ocrx_word' id='word_1_75' title='bbox 55 2148 80 2191; x_wconf 80' lang='lat' dir='ltr'>1r</span> <span class='ocrx_word' id='word_1_76' title='bbox 262 2128 364 2192; x_wconf 85' lang='lat' dir='ltr'>Tema</span> 
     </span>
     <span class='ocr_line' id='line_1_19' title="bbox 16 2231 430 2296; baseline 0.005 -2"><span class='ocrx_word' id='word_1_77' title='bbox 16 2241 17 2254; x_wconf 65' lang='lat'>¹</span> <span class='ocrx_word' id='word_1_78' title='bbox 56 2251 80 2295; x_wconf 78' lang='lat' dir='ltr'>re</span> <span class='ocrx_word' id='word_1_79' title='bbox 265 2231 430 2296; x_wconf 83' lang='lat' dir='ltr'>Tivisoum</span> 
     </span>
    </p>
   </div>
   <div class='ocr_carea' id='block_1_3' title="bbox 113 2392 861 3360">
    <p class='ocr_par' dir='ltr' id='par_1_3' title="bbox 113 2392 861 3360">
     <span class='ocr_line' id='line_1_20' title="bbox 116 2392 860 2454; baseline 0.004 -17"><span class='ocrx_word' id='word_1_80' title='bbox 116 2395 127 2437; x_wconf 93' lang='lat'>1</span> <span class='ocrx_word' id='word_1_81' title='bbox 148 2395 318 2440; x_wconf 80' lang='lat' dir='ltr'>aristrarobum</span> <span class='ocrx_word' id='word_1_82' title='bbox 332 2397 360 2440; x_wconf 85' lang='lat' dir='ltr'>A.</span> <span class='ocrx_word' id='word_1_83' title='bbox 387 2395 397 2439; x_wconf 97' lang='grc' dir='ltr'>ΙΙ</span> <span class='ocrx_word' id='word_1_84' title='bbox 423 2399 545 2454; x_wconf 85' lang='lat' dir='ltr'>gottorum</span> <span class='ocrx_word' id='word_1_85' title='bbox 560 2392 583 2451; x_wconf 78' lang='lat'>0,</span> <span class='ocrx_word' id='word_1_86' title='bbox 603 2392 748 2441; x_wconf 82' lang='lat' dir='ltr'>Graecorum</span> <span class='ocrx_word' id='word_1_87' title='bbox 768 2394 817 2441; x_wconf 87' lang='lat'>200</span> <span class='ocrx_word' id='word_1_88' title='bbox 837 2395 860 2440; x_wconf 74' lang='lat' dir='ltr'>l.</span> 
     </span>
     <span class='ocr_line' id='line_1_21' title="bbox 115 2463 860 2522; baseline 0.004 -13"><span class='ocrx_word' id='word_1_89' title='bbox 115 2466 128 2509; x_wconf 81' lang='lat'>3</span> <span class='ocrx_word' id='word_1_90' title='bbox 148 2463 295 2521; x_wconf 78' lang='lat' dir='ltr'>sardatium]</span> <span class='ocrx_word' id='word_1_91' title='bbox 310 2463 513 2512; x_wconf 78' lang='lat' dir='ltr'>Sardonium200</span> <span class='ocrx_word' id='word_1_92' title='bbox 533 2464 549 2510; x_wconf 89' lang='lat'><strong><em>3</em></strong></span> <span class='ocrx_word' id='word_1_93' title='bbox 568 2463 584 2510; x_wconf 87' lang='lat'><em>5</em></span> <span class='ocrx_word' id='word_1_94' title='bbox 596 2463 676 2522; x_wconf 53' lang='lat'><strong><em>&amp;201</em></strong></span> <span class='ocrx_word' id='word_1_95' title='bbox 697 2465 730 2511; x_wconf 69' lang='lat'>1!</span> <span class='ocrx_word' id='word_1_96' title='bbox 766 2468 779 2512; x_wconf 90' lang='grc'><strong>7</strong></span> <span class='ocrx_word' id='word_1_97' title='bbox 799 2465 860 2512; x_wconf 87' lang='lat' dir='ltr'>Dru·</span> 
     </span>
     <span class='ocr_line' id='line_1_22' title="bbox 113 2535 860 2596; baseline 0.003 -16"><span class='ocrx_word' id='word_1_98' title='bbox 113 2535 175 2581; x_wconf 81' lang='lat' dir='ltr'>botis</span> <span class='ocrx_word' id='word_1_99' title='bbox 193 2537 266 2580; x_wconf 76' lang='lat' dir='ltr'>etiam</span> <span class='ocrx_word' id='word_1_100' title='bbox 278 2535 344 2593; x_wconf 68' lang='lat' dir='ltr'>Tae,</span> <span class='ocrx_word' id='word_1_101' title='bbox 364 2536 471 2582; x_wconf 82' lang='lat' dir='ltr'>Drobeta</span> <span class='ocrx_word' id='word_1_102' title='bbox 489 2536 582 2582; x_wconf 78' lang='lat' dir='ltr'>Notitia</span> <span class='ocrx_word' id='word_1_103' title='bbox 595 2536 659 2596; x_wconf 76' lang='lat' dir='ltr'>diyn.</span> <span class='ocrx_word' id='word_1_104' title='bbox 713 2538 728 2582; x_wconf 84' lang='lat'>8</span> <span class='ocrx_word' id='word_1_105' title='bbox 746 2535 860 2592; x_wconf 82' lang='lat' dir='ltr'>Medilasl</span> 
     </span>
     <span class='ocr_line' id='line_1_23' title="bbox 114 2605 861 2667; baseline 0.001 -16"><span class='ocrx_word' id='word_1_106' title='bbox 114 2605 221 2652; x_wconf 74' lang='lat' dir='ltr'>modulos</span> <span class='ocrx_word' id='word_1_107' title='bbox 239 2605 314 2666; x_wconf 75' lang='lat' dir='ltr'>(corr.</span> <span class='ocrx_word' id='word_1_108' title='bbox 325 2606 435 2667; x_wconf 79' lang='lat' dir='ltr'>medilaa)</span> <span class='ocrx_word' id='word_1_109' title='bbox 450 2606 474 2664; x_wconf 79' lang='grc'>0,</span> <span class='ocrx_word' id='word_1_110' title='bbox 493 2607 532 2653; x_wconf 81' lang='lat' dir='ltr'>Ad</span> <span class='ocrx_word' id='word_1_111' title='bbox 545 2607 648 2652; x_wconf 84' lang='lat' dir='ltr'>mediam</span> <span class='ocrx_word' id='word_1_112' title='bbox 665 2606 720 2652; x_wconf 78' lang='lat' dir='ltr'>Tol.</span> <span class='ocrx_word' id='word_1_113' title='bbox 775 2609 789 2652; x_wconf 86' lang='lat'>9</span> <span class='ocrx_word' id='word_1_114' title='bbox 808 2621 861 2666; x_wconf 84' lang='lat' dir='ltr'>pro-</span> 
     </span>
     <span class='ocr_line' id='line_1_24' title="bbox 114 2674 861 2735; baseline 0 -13"><span class='ocrx_word' id='word_1_115' title='bbox 114 2677 206 2723; x_wconf 83' lang='lat' dir='ltr'>thorich</span> <span class='ocrx_word' id='word_1_116' title='bbox 229 2674 253 2734; x_wconf 78' lang='lat' dir='ltr'>C,</span> <span class='ocrx_word' id='word_1_117' title='bbox 280 2676 403 2723; x_wconf 78' lang='lat' dir='ltr'>Praetorio</span> <span class='ocrx_word' id='word_1_118' title='bbox 422 2678 486 2735; x_wconf 80' lang='lat' dir='ltr'>editi,</span> <span class='ocrx_word' id='word_1_119' title='bbox 513 2678 620 2724; x_wconf 85' lang='lat' dir='ltr'>Pretorio</span> <span class='ocrx_word' id='word_1_120' title='bbox 643 2677 698 2722; x_wconf 83' lang='lat' dir='ltr'>Tab.</span> <span class='ocrx_word' id='word_1_121' title='bbox 757 2679 788 2722; x_wconf 92' lang='grc'>10</span> <span class='ocrx_word' id='word_1_122' title='bbox 816 2677 861 2722; x_wconf 82' lang='lat' dir='ltr'>Pa·</span> 
     </span>
     <span class='ocr_line' id='line_1_25' title="bbox 113 2746 861 2806; baseline 0 -13"><span class='ocrx_word' id='word_1_123' title='bbox 113 2749 199 2804; x_wconf 82' lang='lat' dir='ltr'>nonin}</span> <span class='ocrx_word' id='word_1_124' title='bbox 218 2746 258 2793; x_wconf 86' lang='lat' dir='ltr'>Ad</span> <span class='ocrx_word' id='word_1_125' title='bbox 276 2749 411 2806; x_wconf 81' lang='lat' dir='ltr'>pannonios</span> <span class='ocrx_word' id='word_1_126' title='bbox 432 2748 487 2794; x_wconf 80' lang='lat' dir='ltr'>Tab.</span> <span class='ocrx_word' id='word_1_127' title='bbox 544 2750 573 2793; x_wconf 94' lang='lat'>11</span> <span class='ocrx_word' id='word_1_128' title='bbox 595 2747 730 2804; x_wconf 81' lang='lat' dir='ltr'>Gazanaml</span> <span class='ocrx_word' id='word_1_129' title='bbox 755 2746 861 2806; x_wconf 73' lang='lat' dir='ltr'>(laganis</span> 
     </span>
     <span class='ocr_line' id='line_1_26' title="bbox 117 2817 861 2876; baseline 0.003 -14"><span class='ocrx_word' id='word_1_130' title='bbox 117 2817 172 2864; x_wconf 71' lang='grc' dir='ltr'><em>Ταῦ.</em></span> <span class='ocrx_word' id='word_1_131' title='bbox 224 2819 255 2863; x_wconf 78' lang='lat'>12</span> <span class='ocrx_word' id='word_1_132' title='bbox 274 2818 417 2866; x_wconf 82' lang='lat' dir='ltr'>Marsolunis</span> <span class='ocrx_word' id='word_1_133' title='bbox 429 2819 493 2876; x_wconf 78' lang='lat' dir='ltr'>editi,</span> <span class='ocrx_word' id='word_1_134' title='bbox 512 2818 651 2864; x_wconf 65' lang='lat' dir='ltr'>Masclianis</span> <span class='ocrx_word' id='word_1_135' title='bbox 667 2817 723 2863; x_wconf 76' lang='lat' dir='ltr'>Tala</span> <span class='ocrx_word' id='word_1_136' title='bbox 770 2820 801 2863; x_wconf 77' lang='lat'>13</span> <span class='ocrx_word' id='word_1_137' title='bbox 820 2819 861 2864; x_wconf 89' lang='lat' dir='ltr'>Ti·</span> 
     </span>
     <span class='ocr_line' id='line_1_27' title="bbox 114 2888 860 2948; baseline 0 -14"><span class='ocrx_word' id='word_1_138' title='bbox 114 2889 163 2946; x_wconf 80' lang='lat' dir='ltr'>bio]</span> <span class='ocrx_word' id='word_1_139' title='bbox 182 2888 265 2935; x_wconf 83' lang='lat' dir='ltr'>limbis</span> <span class='ocrx_word' id='word_1_140' title='bbox 285 2888 308 2946; x_wconf 76' lang='lat'>0,</span> <span class='ocrx_word' id='word_1_141' title='bbox 332 2890 428 2936; x_wconf 81' lang='lat' dir='ltr'>Tiuisoo</span> <span class='ocrx_word' id='word_1_142' title='bbox 451 2892 517 2934; x_wconf 72' lang='lat' dir='ltr'>iuxta</span> <span class='ocrx_word' id='word_1_143' title='bbox 533 2888 673 2935; x_wconf 79' lang='lat' dir='ltr'>Masclianis</span> <span class='ocrx_word' id='word_1_144' title='bbox 700 2888 756 2934; x_wconf 76' lang='lat' dir='ltr'>Tol.</span> <span class='ocrx_word' id='word_1_145' title='bbox 783 2889 793 2933; x_wconf 90' lang='lat' dir='ltr'>ll</span> <span class='ocrx_word' id='word_1_146' title='bbox 819 2891 860 2948; x_wconf 90' lang='lat' dir='ltr'>qui</span> 
     </span>
     <span class='ocr_line' id='line_1_28' title="bbox 115 2958 859 3019; baseline 0.001 -15"><span class='ocrx_word' id='word_1_147' title='bbox 115 2959 218 3006; x_wconf 77' lang='lat' dir='ltr'>Boditi.</span> <span class='ocrx_word' id='word_1_148' title='bbox 245 2961 255 3005; x_wconf 91' lang='lat' dir='ltr'>ll</span> <span class='ocrx_word' id='word_1_149' title='bbox 281 2960 458 3019; x_wconf 79' lang='lat' dir='ltr'>coniunguntur</span> <span class='ocrx_word' id='word_1_150' title='bbox 477 2959 501 3006; x_wconf 81' lang='lat' dir='ltr'>C.</span> <span class='ocrx_word' id='word_1_151' title='bbox 558 2961 589 3005; x_wconf 82' lang='lat'>14</span> <span class='ocrx_word' id='word_1_152' title='bbox 612 2958 817 3018; x_wconf 78' lang='lat' dir='ltr'>Augmonia189</span> <span class='ocrx_word' id='word_1_153' title='bbox 836 2961 859 3005; x_wconf 88' lang='lat'>7.</span> 
     </span>
     <span class='ocr_line' id='line_1_29' title="bbox 114 3029 859 3088; baseline 0.001 -13"><span class='ocrx_word' id='word_1_154' title='bbox 114 3029 123 3075; x_wconf 90' lang='lat' dir='ltr'>ll</span> <span class='ocrx_word' id='word_1_155' title='bbox 136 3032 204 3077; x_wconf 74' lang='lat' dir='ltr'>minio</span> <span class='ocrx_word' id='word_1_156' title='bbox 222 3029 274 3087; x_wconf 84' lang='lat' dir='ltr'>AB,</span> <span class='ocrx_word' id='word_1_157' title='bbox 302 3031 387 3076; x_wconf 81' lang='lat' dir='ltr'>Misiae</span> <span class='ocrx_word' id='word_1_158' title='bbox 411 3030 497 3077; x_wconf 81' lang='lat' dir='ltr'>Porob.</span> <span class='ocrx_word' id='word_1_159' title='bbox 557 3032 587 3076; x_wconf 86' lang='grc'>16</span> <span class='ocrx_word' id='word_1_160' title='bbox 616 3031 675 3088; x_wconf 79' lang='lat' dir='ltr'>ipsis</span> <span class='ocrx_word' id='word_1_161' title='bbox 693 3030 773 3077; x_wconf 82' lang='lat' dir='ltr'>Datiis</span> <span class='ocrx_word' id='word_1_162' title='bbox 795 3031 859 3078; x_wconf 78' lang='lat' dir='ltr'>editi.</span> 
     </span>
     <span class='ocr_line' id='line_1_30' title="bbox 114 3099 861 3162; baseline 0.005 -17"><span class='ocrx_word' id='word_1_163' title='bbox 114 3101 217 3148; x_wconf 77' lang='lat' dir='ltr'>lldaoiae</span> <span class='ocrx_word' id='word_1_164' title='bbox 237 3099 262 3147; x_wconf 80' lang='lat'>0.</span> <span class='ocrx_word' id='word_1_165' title='bbox 323 3103 354 3146; x_wconf 83' lang='lat'>17</span> <span class='ocrx_word' id='word_1_166' title='bbox 382 3103 463 3148; x_wconf 86' lang='lat' dir='ltr'>thema</span> <span class='ocrx_word' id='word_1_167' title='bbox 483 3100 506 3159; x_wconf 80' lang='lat' dir='ltr'>C,</span> <span class='ocrx_word' id='word_1_168' title='bbox 534 3115 579 3146; x_wconf 72' lang='lat' dir='ltr'>om,</span> <span class='ocrx_word' id='word_1_169' title='bbox 598 3100 661 3156; x_wconf 79' lang='lat' dir='ltr'>editi,</span> <span class='ocrx_word' id='word_1_170' title='bbox 689 3115 740 3147; x_wconf 78' lang='lat' dir='ltr'>oum</span> <span class='ocrx_word' id='word_1_171' title='bbox 757 3106 861 3162; x_wconf 69' lang='lat' dir='ltr'>sequenti</span> 
     </span>
     <span class='ocr_line' id='line_1_31' title="bbox 115 3170 861 3234; baseline 0.003 -17"><span class='ocrx_word' id='word_1_172' title='bbox 115 3175 257 3234; x_wconf 67' lang='lat' dir='ltr'>ooaioayant</span> <span class='ocrx_word' id='word_1_173' title='bbox 273 3171 349 3230; x_wconf 80' lang='lat' dir='ltr'><strong><em>ABG,</em></strong></span> <span class='ocrx_word' id='word_1_174' title='bbox 375 3187 436 3218; x_wconf 80' lang='lat' dir='ltr'>mmo</span> <span class='ocrx_word' id='word_1_175' title='bbox 458 3185 540 3218; x_wconf 72' lang='lat' dir='ltr'>nornen</span> <span class='ocrx_word' id='word_1_176' title='bbox 561 3170 631 3231; x_wconf 79' lang='lat' dir='ltr'>flavii</span> <span class='ocrx_word' id='word_1_177' title='bbox 653 3177 676 3216; x_wconf 79' lang='lat' dir='ltr'>et</span> <span class='ocrx_word' id='word_1_178' title='bbox 697 3175 801 3232; x_wconf 69' lang='lat' dir='ltr'>reqioair</span> <span class='ocrx_word' id='word_1_179' title='bbox 826 3180 861 3219; x_wconf 78' lang='lat' dir='ltr'>oet</span> 
     </span>
     <span class='ocr_line' id='line_1_32' title="bbox 115 3241 861 3303; baseline 0.004 -15"><span class='ocrx_word' id='word_1_180' title='bbox 115 3243 204 3290; x_wconf 80' lang='lat' dir='ltr'>Tomos.</span> <span class='ocrx_word' id='word_1_181' title='bbox 262 3245 292 3289; x_wconf 81' lang='lat'>18</span> <span class='ocrx_word' id='word_1_182' title='bbox 312 3245 423 3290; x_wconf 81' lang='lat' dir='ltr'>tiniseum</span> <span class='ocrx_word' id='word_1_183' title='bbox 435 3244 463 3301; x_wconf 81' lang='lat' dir='ltr'>A,</span> <span class='ocrx_word' id='word_1_184' title='bbox 482 3242 578 3289; x_wconf 84' lang='lat' dir='ltr'>Tiuisoo</span> <span class='ocrx_word' id='word_1_185' title='bbox 597 3244 662 3288; x_wconf 67' lang='lat' dir='ltr'>iaxta</span> <span class='ocrx_word' id='word_1_186' title='bbox 681 3241 759 3303; x_wconf 79' lang='lat' dir='ltr'>Caput</span> <span class='ocrx_word' id='word_1_187' title='bbox 776 3244 861 3291; x_wconf 81' lang='lat' dir='ltr'>bubali</span> 
     </span>
     <span class='ocr_line' id='line_1_33' title="bbox 118 3313 171 3360; baseline 0.019 -2"><span class='ocrx_word' id='word_1_188' title='bbox 118 3313 171 3360; x_wconf 78' lang='lat' dir='ltr'>rao.</span> 
     </span>
    </p>
   </div>
   <div class='ocr_carea' id='block_1_4' title="bbox 0 0 1126 3838">
    <p class='ocr_par' dir='ltr' id='par_1_4' title="bbox 0 0 1126 3838">
     <span class='ocr_line' id='line_1_34' title="bbox 0 0 1126 3838; baseline 0 0"><span class='ocrx_word' id='word_1_189' title='bbox 0 0 1126 3838; x_wconf 95' lang='lat' dir='ltr'> </span> 
     </span>
    </p>
   </div>
  </div>
 </body>
</html>
