2198 3840
63 343 141 377 ormo
163 333 198 378 18
828 327 880 378 459

78 499 90 542 1
283 473 468 540 Bridiaoum

77 601 90 644 2
284 577 437 661 Mantua,
467 601 506 642 ex
530 600 592 662 qua
613 586 708 664 poeta
723 577 879 663 Virgilius

76 703 90 746 e
129 684 239 747 extitit
262 681 415 747 oriundus

74 805 90 848 4
141 784 144 789 ’
282 785 425 851 Hostilia

76 909 89 952 5
282 889 421 953 Forulia.

4 1040 8 1053 .
75 1010 89 1052 o
164 991 217 1060 lt.
262 991 346 1056 Item
369 1015 388 1055 a
410 993 565 1077 superiori
580 994 696 1056 iterum
710 1001 801 1076 parte
816 1015 880 1056 nou

2 1166 6 1183 Ι
77 1113 90 1155 7
128 1097 228 1183 longe
252 1095 292 1160 ab
315 1095 401 1180 Alpe
424 1104 499 1161 sunt
522 1097 680 1178 civitates,
702 1095 736 1159 id
759 1105 808 1160 est

76 1216 89 1259 s
283 1195 439 1263 Orimium

76 1317 90 1360 9
285 1299 398 1367 Garda

61 1421 90 1463 10
281 1406 418 1493 Lageris

2 1578 5 1592 Ι
62 1525 90 1567 11
283 1509 430 1574 Tritonia

2 1618 5 1694 ’ς
63 1627 93 1670 12
283 1613 484 1679 Tridentum.

2 1723 4 1785 i
64 1734 93 1778 re
170 1715 222 1784 17:
263 1715 346 1780 Item
369 1718 403 1780 in
425 1717 554 1804 regione
578 1716 786 1782 Venetiamm
809 1725 884 1780 sunt

2 1804 7 1903 ¹.
65 1837 95 1882 14
135 1820 282 1913 ciuitates
531 1831 532 1834 ’

2 1916 7 1955 ³
65 1944 95 1988 15
284 1922 437 1989 Vioentie

3 2017 9 2049 ⁵
67 2045 96 2090 16
284 2027 453 2093 Patavium

66 2149 95 2194 17
284 2131 432 2197 Altinum

2 2224 5 2293 Ῐ
57 2236 97 2298 '18
286 2231 467 2300 Concordia

1 2331 4 2347 '
286 2338 443 2404 Trebium

288 2438 503 2530 Opitergium.

170 2544 222 2612 18.
268 2545 350 2609 Item
373 2545 512 2632 desuper
534 2557 610 2612 sunt
632 2547 777 2612 civitates

283 2649 405 2714 Filaria

285 2751 422 2820 Sosonie

287 2855 418 2922 Cenede

174 2983 266 3030 codices
285 2983 356 3044 bfmr.
599 2983 632 3044 os.
644 2984 704 3030 Rau.
718 2983 769 3030 253
789 2984 850 3044 2rq.

141 3092 217 3147 tex]
238 3096 262 3135 et
280 3103 309 3135 m.
364 3090 461 3135 textit
478 3104 508 3134 m.
563 3090 612 3134 45
637 3103 681 3135 om.
694 3089 719 3150 f.
776 3090 834 3136 rid
852 3097 887 3135 est

139 3175 183 3206 om.
202 3175 248 3206 mr.
305 3159 462 3216 80rimium]
483 3159 569 3206 Sirmio
588 3160 646 3205 Rue.
703 3162 733 3206 10
758 3160 840 3219 lugens
857 3175 887 3206 oz.

142 3233 171 3277 18
200 3229 390 3291 veneciarums.
483 3231 512 3276 15
542 3229 649 3275 vicencia
669 3229 691 3290 f,
727 3232 848 3276 vincentia
866 3231 887 3276 t.

143 3303 172 3350 16
201 3302 336 3360 petrarium
354 3317 376 3348 r.
433 3301 464 3346 28
493 3313 588 3347 sosoma
611 3298 645 3361 bf.
700 3302 733 3348 24
759 3303 850 3348 ceneda
861 3300 887 3362 f.
