2242 3838
273 475 426 540 Aufidum

271 577 429 642 Bardulos

272 681 425 746 Tirenum

271 783 438 849 Natiolum

270 888 402 952 Ban'um

271 991 384 1055 Turris
407 987 554 1055 Caesaris

271 1095 397 1163 Diriam

272 1196 394 1262 Gnatia

271 1299 449 1385 Speluncas

243 1463 246 1476 ,
269 1402 482 1468 Brendesium

270 1505 432 1571 Baletium

129 1693 140 1736 1
164 1690 281 1738 Ausidum
305 1691 324 1738 0
345 1692 401 1737 editi
424 1698 450 1737 at
473 1706 535 1737 auae
558 1691 679 1750 lepitarV
697 1693 718 1747 l,
746 1689 873 1735 Aufidiena

125 1775 165 1820 pro
183 1775 231 1820 qua
248 1777 312 1807 nune
331 1761 413 1809 (lanne
433 1762 516 1820 Gnido,
537 1761 655 1808 Aufidena
672 1763 737 1818 Ant,
760 1760 873 1806 Aufinum

126 1831 312 1893 (propeflaviam
320 1833 434 1880 Aufidum
443 1836 482 1893 qai
490 1847 551 1878 auae
561 1832 661 1891 Oiantol
678 1833 734 1878 raa.
780 1833 794 1877 2
814 1832 874 1878 Bar-

126 1902 190 1949 dulos
216 1905 287 1949 etiam
303 1904 353 1949 Vr
375 1910 398 1949 et
413 1904 477 1961 Tab„
504 1903 623 1950 Bardulos
646 1917 706 1961 quae
729 1907 753 1949 et
771 1901 873 1949 Barulos

126 1974 251 2033 (baruros,
280 1975 383 2034 bauros)
404 1974 486 2029 Gatdo,
513 1989 575 2019 nunc
593 1973 708 2020 Barletta.
764 1976 777 2020 3
806 1973 873 2018 Tire-

124 2059 177 2090 num
197 2048 254 2101 ete.]
278 2043 311 2104 ef.
332 2045 415 2091 (luido.
452 2045 462 2090 ΙΙ
496 2045 608 2090 Tirenum
627 2047 697 2090 etiam
714 2045 735 2089 V
751 2045 774 2101 1,
800 2044 874 2089 Ture-

124 2129 178 2161 num
194 2114 259 2172 Tan,
279 2116 432 2161 aaae'l'rani.
460 2116 469 2161 ll
496 2118 558 2161 inter
576 2116 688 2161 Tirenum
706 2121 729 2160 et
746 2113 871 2161 Natiolum

125 2186 186 2244 apud
205 2185 335 2231 (luidonem
353 2187 451 2231 additur
468 2185 553 2232 Melfis.
618 2188 632 2231 4
660 2185 785 2231 Natiolum
804 2187 874 2230 etiam

127 2257 189 2313 raa,
207 2255 337 2302 Naeiolum
354 2257 375 2302 V
390 2259 414 2313 1,
433 2271 494 2301 nasse
513 2255 673 2303 Gioveuazzo.
734 2255 748 2301 5
777 2255 874 2300 Barium

124 2330 190 2373 etiam
205 2327 227 2372 V
242 2329 257 2372 1
271 2328 327 2372 Ant.
345 2327 399 2372 Tab.
413 2326 463 2384 alii,
477 2328 555 2373 brium
568 2327 618 2384 ΑΒ,
633 2326 775 2373 lodiaBari.
794 2327 804 2371 11
816 2331 873 2385 post

122 2397 219 2444 Barium
250 2397 315 2456 apud
342 2397 469 2444 (luidonem
496 2397 616 2443 adduntur
643 2397 710 2444 Celia
740 2403 762 2442 et
788 2395 874 2442 Moles.

124 2469 137 2515 6
165 2469 251 2514 Turris
274 2467 383 2514 Caesaris
410 2471 480 2515 etiam
497 2469 518 2515 V
533 2471 558 2527 1,
589 2469 671 2515 Turris
694 2467 788 2514 Cesaris
819 2466 874 2512 Tab.

121 2540 130 2585 ΙΙ
142 2546 201 2598 post
219 2539 301 2585 Turris
320 2537 430 2586 Caesaris
453 2535 518 2598 apud
536 2539 664 2586 Gaidoaem
686 2539 807 2584 addamtar
827 2536 875 2583 Gu-

121 2624 249 2669 peraanum
269 2616 291 2655 et
308 2609 468 2656 Poliuianum.
536 2614 550 2658 7
578 2611 678 2656 Dixinm
697 2610 754 2654 editi
771 2615 798 2654 at
814 2608 834 2654 V
850 2608 874 2664 1,

121 2681 215 2726 Dirium
240 2693 301 2739 quae
323 2693 386 2726 nune
408 2679 545 2739 Monopolis
570 2681 658 2738 (laida,
689 2680 790 2726 Dertum
818 2678 874 2724 ms.

123 2752 137 2797 8
156 2751 244 2810 gnacia
258 2749 282 2808 C,
303 2749 405 2796 Gnatiae
415 2757 437 2796 aa
446 2751 564 2810 Egnatiae
577 2753 640 2809 Ana,
660 2751 800 2810 augnatium
811 2746 874 2805 (ἕω,

122 2821 264 2881 augnarium
285 2817 320 2878 Gs,
339 2820 448 2879 Ignatiae
466 2821 486 2866 V
502 2822 525 2878 1,
552 2820 638 2868 Gnatia
660 2822 724 2878 Tau,
743 2820 875 2867 Leonatiae

122 2892 226 2949 Hieros„
246 2891 315 2937 lodie
332 2892 406 2938 Torta
424 2892 539 2951 Egnazia.
613 2894 626 2938 9
655 2891 787 2951 Speluncas
806 2893 876 2936 etiam

127 2962 186 3020 Vl,
218 2961 351 3021 Speluncas
370 2968 392 3008 et
411 2961 535 3022 Speluncis
557 2963 621 3020 Ant,
649 2976 780 3022 speeuneas
804 2959 874 3019 ABG,

124 3031 235 3091 Spelunis
258 3033 322 3090 Tau,
350 3031 487 3092 Spilenaees
510 3033 604 3078 Hieros.
631 3034 641 3079 ΙΙ
670 3039 725 3090 post
743 3031 875 3092 Speluncas

124 3103 187 3160 apud
199 3103 328 3148 (luidonem
340 3103 438 3148 additur
447 3103 570 3149 Saunium.
617 3104 648 3150 10
668 3104 814 3150 brentesium
826 3101 873 3160 Ac,

124 3171 270 3218 Brendesum
283 3173 346 3230 editi,
359 3174 471 3220 Brindice
485 3174 530 3220 VI
534 3207 540 3230 ,
553 3175 660 3221 Brindisi
673 3175 728 3220 Tab.
739 3181 761 3220 et
770 3175 873 3231 Hieros„

125 3242 278 3290 Brundisium
296 3245 351 3289 Ant.
376 3244 507 3290 hiemalia
525 3245 592 3290 addit
611 3245 693 3291 asido.
751 3247 780 3291 11
805 3245 864 3291 Bale

124 3314 184 3360 tium
202 3316 273 3361 etiam
290 3314 311 3358 V
327 3315 350 3370 1,
370 3315 505 3363 Balentium
522 3316 587 3372 Tab„
606 3314 638 3376 cs.
660 3315 743 3362 Gnido.
