2234 3842
64 359 137 394 amno
157 348 189 394 64
822 342 875 396 499

81 515 88 559 1
159 489 211 559 63.
257 489 528 576 septimadecima
556 491 722 577 provincia
745 487 878 555 Corsica

80 616 92 660 2
126 595 249 661 aduae
272 617 331 659 suo
355 590 457 660 Corso
479 617 596 660 nomen
625 594 766 680 accepit,
796 615 876 677 quae

80 721 93 764 a
126 699 222 763 habet
243 700 278 763 in
300 699 432 785 longum
446 699 582 765 miliaria
600 700 663 766 160
679 699 760 764 etin
776 699 876 763 latum

79 826 92 869 2
124 803 178 884 26,
201 826 218 866 e
242 804 334 867 cuius
349 802 500 867 subactas
515 801 611 867 urbes
626 802 731 884 intuli,
753 801 788 865 id
805 812 854 866 est

80 929 92 974 5
277 904 432 970 Marianis

80 1033 93 1076 6
275 1005 409 1073 Colonia
429 1008 505 1073 Iulii

81 1137 92 1180 7
274 1112 447 1177 Turrinum

80 1239 93 1282 8
275 1213 431 1280 Coenium

80 1341 92 1384 2
273 1319 460 1407 Agiagium.

62 1445 91 1489 ιο
156 1419 208 1489 64.
255 1419 507 1489 octavadecima
535 1425 701 1509 provincia
728 1422 877 1490 Sardinia

61 1547 89 1591 11
125 1547 204 1608 quae
227 1526 261 1589 in
276 1527 429 1612 Tyrrenis
452 1527 604 1593 fluctibus
628 1527 777 1610 ambitur,
801 1536 833 1591 et
856 1551 875 1592 a

59 1651 90 1695 12
124 1627 225 1694 Sardo
247 1630 399 1695 Herculis
421 1631 488 1696 filio
510 1633 703 1713 nominatur,
725 1632 780 1715 qui
802 1652 876 1695 aum

59 1756 89 1800 ra
123 1757 239 1820 magna
266 1734 470 1799 multitudine
500 1735 542 1800 ad
567 1735 696 1800 Libiam
725 1743 774 1800 est
801 1757 875 1819 pro-

58 1861 89 1904 14
123 1838 242 1919 factm,
271 1835 452 1903 Sardiniam
482 1839 669 1924 occupavit,
698 1848 731 1904 et
754 1862 793 1903 ex
816 1861 874 1903 suo

57 1966 87 2011 15
122 1940 278 2006 vocabulo
293 1943 417 2006 insulae
432 1965 548 2007 nomen
564 1942 662 2008 dedit.
694 1965 775 2028 quae
786 1951 875 2007 tenet

55 2072 86 2118 16
121 2046 154 2108 in
175 2046 309 2132 longum
331 2047 468 2111 miliaria
483 2047 548 2115 230
571 2056 604 2111 et
626 2047 660 2110 in
679 2047 781 2112 latum
802 2046 873 2122 180,

55 2175 85 2218 17
120 2149 153 2212 in
168 2171 232 2233 qua
246 2150 402 2234 plurimae
415 2151 545 2214 fuerunt
561 2151 718 2234 civitatee,
740 2173 875 2234 quarum

55 2277 85 2321 18
121 2252 248 2317 urbium
270 2255 399 2318 nomina
421 2253 566 2318 subnexa
588 2263 672 2318 sunt.
887 2259 890 2264 ’

54 2379 84 2424 12
273 2353 396 2423 Caralis

54 2483 84 2526 2ο
269 2461 458 2546 Agenorum

53 2587 82 2631 22
270 2562 360 2631 Sulci

53 2689 82 2734 22
270 2666 472 2753 Sardiparias

153 2868 246 2914 codices
264 2866 329 2928 bfmr
347 2873 369 2912 et
386 2868 450 2913 Μαι.
583 2864 616 2927 cf.
629 2867 689 2912 Rav.
702 2865 755 2912 413
773 2866 836 2926 daq.

119 2977 134 3020 4
148 2975 249 3021 subacta
255 2971 281 3034 f.
327 2975 341 3018 7
354 2973 480 3019 turrinium
495 2973 566 3030 Mra,
585 2974 695 3019 tunnium
702 2972 729 3033 s.
777 2976 791 3020 9
805 2988 872 3033 agra·

118 3059 175 3104 gum
197 3045 261 3090 Mar.
334 3046 364 3088 11
394 3044 489 3090 tirrenis
506 3043 533 3104 s,
561 3045 651 3104 tyronis
673 3059 722 3101 mr,
752 3046 871 3104 thyrrenis

117 3117 183 3161 Mar.
210 3116 220 3160 ΙΙ
245 3115 384 3160 ambiuntur
403 3113 438 3174 bf.
465 3115 475 3159 Η
501 3114 624 3171 asardol
648 3117 718 3161 sardo
738 3116 789 3162 eius
807 3117 871 3161 Mar.

120 3188 151 3232 12
180 3185 275 3231 hercula
288 3183 314 3244 f.
383 3187 413 3231 1³
442 3186 472 3230 ad
490 3185 582 3245 libyam
600 3191 637 3232 est
658 3188 731 3244 Mam,
760 3202 775 3232 a
793 3186 873 3245 Libya

117 3257 327 3315 Iaidorioriy.14
349 3257 364 3302 6
383 3256 416 3302 39
434 3256 496 3302 ande
507 3257 565 3302 haec
577 3263 670 3316 sumpta
682 3265 744 3304 aaut.
786 3259 816 3304 16
836 3258 871 3302 la·

117 3331 184 3384 tum}
204 3327 279 3373 altum
299 3329 363 3373 Mra,
420 3328 451 3372 17
480 3329 545 3374 fuera
564 3329 622 3374 bmr.

630 3433 639 3454 a
673 3397 723 3452 ³2*
