<?xml version="1.0" encoding="UTF-8"?>
<!DOCTYPE html PUBLIC "-//W3C//DTD XHTML 1.0 Transitional//EN"
    "http://www.w3.org/TR/xhtml1/DTD/xhtml1-transitional.dtd">
<html xmlns="http://www.w3.org/1999/xhtml" xml:lang="en" lang="en">
 <head>
  <title>
</title>
<meta http-equiv="Content-Type" content="text/html;charset=utf-8" />
  <meta name='ocr-system' content='tesseract 3.04.00' />
  <meta name='ocr-capabilities' content='ocr_page ocr_carea ocr_par ocr_line ocrx_word'/>
</head>
<body>
  <div class='ocr_page' id='page_1' title='image "./ravennatisanony02ravegoog/ravennatisanony02ravegoog_0306.png"; bbox 0 0 2210 3834; ppageno 0'>
   <div class='ocr_carea' id='block_1_1' title="bbox 7 1419 76 1461">
    <p class='ocr_par' dir='ltr' id='par_1_1' title="bbox 7 1419 76 1461">
     <span class='ocr_line' id='line_1_1' title="bbox 7 1419 76 1461; baseline 0.043 -3"><span class='ocrx_word' id='word_1_1' title='bbox 7 1419 76 1461; x_wconf 86' lang='grc'>,10</span> 
     </span>
    </p>
   </div>
   <div class='ocr_carea' id='block_1_2' title="bbox 46 1525 75 1772">
    <p class='ocr_par' dir='ltr' id='par_1_2' title="bbox 46 1525 75 1772">
     <span class='ocr_line' id='line_1_2' title="bbox 47 1525 73 1567; baseline 0.038 -1"><span class='ocrx_word' id='word_1_2' title='bbox 47 1525 73 1567; x_wconf 94' lang='lat' dir='ltr'>ll</span> 
     </span>
     <span class='ocr_line' id='line_1_3' title="bbox 46 1625 75 1669; baseline 0.034 -1"><span class='ocrx_word' id='word_1_3' title='bbox 46 1625 75 1669; x_wconf 75' lang='lat'>12</span> 
     </span>
     <span class='ocr_line' id='line_1_4' title="bbox 46 1729 74 1772; baseline 0 0"><span class='ocrx_word' id='word_1_4' title='bbox 46 1729 74 1772; x_wconf 87' lang='grc'>13</span> 
     </span>
    </p>
   </div>
   <div class='ocr_carea' id='block_1_3' title="bbox 226 456 613 1068">
    <p class='ocr_par' dir='ltr' id='par_1_3' title="bbox 226 456 613 1068">
     <span class='ocr_line' id='line_1_5' title="bbox 226 456 613 556; baseline 0.01 -24"><span class='ocrx_word' id='word_1_5' title='bbox 226 456 230 466; x_wconf 65' lang='grc'>’</span> <span class='ocrx_word' id='word_1_6' title='bbox 268 465 396 552; x_wconf 81' lang='lat' dir='ltr'>Casina,</span> <span class='ocrx_word' id='word_1_7' title='bbox 419 481 451 534; x_wconf 86' lang='lat' dir='ltr'>et</span> <span class='ocrx_word' id='word_1_8' title='bbox 475 469 613 556; x_wconf 72' lang='lat' dir='ltr'>desuper</span> 
     </span>
     <span class='ocr_line' id='line_1_6' title="bbox 266 571 473 639; baseline 0 0"><span class='ocrx_word' id='word_1_9' title='bbox 266 571 387 639; x_wconf 87' lang='lat' dir='ltr'>Sesena</span> <span class='ocrx_word' id='word_1_10' title='bbox 471 625 473 630; x_wconf 86' lang='lat'><em>.</em></span> 
     </span>
     <span class='ocr_line' id='line_1_7' title="bbox 267 676 531 743; baseline 0.011 -3"><span class='ocrx_word' id='word_1_11' title='bbox 267 676 381 742; x_wconf 81' lang='lat' dir='ltr'>Monte</span> <span class='ocrx_word' id='word_1_12' title='bbox 404 678 531 743; x_wconf 83' lang='lat' dir='ltr'>Feletre</span> 
     </span>
     <span class='ocr_line' id='line_1_8' title="bbox 265 777 389 846; baseline 0.008 -1"><span class='ocrx_word' id='word_1_13' title='bbox 265 777 389 846; x_wconf 90' lang='lat' dir='ltr'>Orbino</span> 
     </span>
     <span class='ocr_line' id='line_1_9' title="bbox 264 883 554 970; baseline 0 -22"><span class='ocrx_word' id='word_1_14' title='bbox 264 883 349 948; x_wconf 80' lang='lat' dir='ltr'>Foro</span> <span class='ocrx_word' id='word_1_15' title='bbox 372 883 554 970; x_wconf 88' lang='lat' dir='ltr'>Sempronii</span> 
     </span>
     <span class='ocr_line' id='line_1_10' title="bbox 262 986 484 1068; baseline 0.014 -17"><span class='ocrx_word' id='word_1_16' title='bbox 262 986 437 1054; x_wconf 82' lang='lat' dir='ltr'>Intercissa</span> <span class='ocrx_word' id='word_1_17' title='bbox 481 1062 484 1068; x_wconf 51' lang='grc'><em>,</em></span> 
     </span>
    </p>
   </div>
   <div class='ocr_carea' id='block_1_4' title="bbox 112 1089 862 1570">
    <p class='ocr_par' dir='ltr' id='par_1_4' title="bbox 263 1089 367 1157">
     <span class='ocr_line' id='line_1_11' title="bbox 263 1089 367 1157; baseline 0.01 -1"><span class='ocrx_word' id='word_1_18' title='bbox 263 1089 367 1157; x_wconf 86' lang='lat' dir='ltr'>Gallis</span> 
     </span>
    </p>

    <p class='ocr_par' dir='ltr' id='par_1_5' title="bbox 261 1195 405 1261">
     <span class='ocr_line' id='line_1_12' title="bbox 261 1195 405 1261; baseline 0.014 -2"><span class='ocrx_word' id='word_1_19' title='bbox 261 1195 405 1261; x_wconf 81' lang='lat' dir='ltr'>Luciolis</span> 
     </span>
    </p>

    <p class='ocr_par' dir='ltr' id='par_1_6' title="bbox 112 1298 862 1485">
     <span class='ocr_line' id='line_1_13' title="bbox 260 1298 862 1384; baseline 0.007 -22"><span class='ocrx_word' id='word_1_20' title='bbox 260 1298 389 1384; x_wconf 86' lang='lat' dir='ltr'>Egubio</span> <span class='ocrx_word' id='word_1_21' title='bbox 412 1323 493 1383; x_wconf 87' lang='lat' dir='ltr'>quae</span> <span class='ocrx_word' id='word_1_22' title='bbox 517 1298 636 1363; x_wconf 79' lang='lat' dir='ltr'>dieitur</span> <span class='ocrx_word' id='word_1_23' title='bbox 651 1299 793 1365; x_wconf 87' lang='lat' dir='ltr'>Interbio</span> <span class='ocrx_word' id='word_1_24' title='bbox 810 1302 862 1366; x_wconf 89' lang='lat' dir='ltr'>vel</span> 
     </span>
     <span class='ocr_line' id='line_1_14' title="bbox 112 1398 603 1485; baseline 0.006 -21"><span class='ocrx_word' id='word_1_25' title='bbox 112 1398 378 1466; x_wconf 80' lang='lat' dir='ltr'>Constantiniana</span> <span class='ocrx_word' id='word_1_26' title='bbox 401 1411 496 1485; x_wconf 87' lang='lat' dir='ltr'>atque</span> <span class='ocrx_word' id='word_1_27' title='bbox 519 1401 603 1468; x_wconf 92' lang='lat' dir='ltr'>Iulia</span> 
     </span>
    </p>

    <p class='ocr_par' dir='ltr' id='par_1_7' title="bbox 260 1505 395 1570">
     <span class='ocr_line' id='line_1_15' title="bbox 260 1505 395 1570; baseline 0 -2"><span class='ocrx_word' id='word_1_28' title='bbox 260 1505 395 1570; x_wconf 85' lang='lat' dir='ltr'>Perusia</span> 
     </span>
    </p>
   </div>
   <div class='ocr_carea' id='block_1_5' title="bbox 258 1609 382 1674">
    <p class='ocr_par' dir='ltr' id='par_1_8' title="bbox 258 1609 382 1674">
     <span class='ocr_line' id='line_1_16' title="bbox 258 1609 382 1674; baseline 0.016 -2"><span class='ocrx_word' id='word_1_29' title='bbox 258 1609 382 1674; x_wconf 90' lang='lat' dir='ltr'>Petona</span> 
     </span>
    </p>
   </div>
   <div class='ocr_carea' id='block_1_6' title="bbox 257 1712 376 1776">
    <p class='ocr_par' dir='ltr' id='par_1_9' title="bbox 257 1712 376 1776">
     <span class='ocr_line' id='line_1_17' title="bbox 257 1712 376 1776; baseline -0.008 -1"><span class='ocrx_word' id='word_1_30' title='bbox 257 1712 376 1776; x_wconf 87' lang='lat' dir='ltr'>Turde.</span> 
     </span>
    </p>
   </div>
   <div class='ocr_carea' id='block_1_7' title="bbox 101 2040 857 3372">
    <p class='ocr_par' dir='ltr' id='par_1_10' title="bbox 101 2040 857 3372">
     <span class='ocr_line' id='line_1_18' title="bbox 112 2040 857 2100; baseline 0.007 -15"><span class='ocrx_word' id='word_1_31' title='bbox 112 2043 121 2084; x_wconf 96' lang='lat' dir='ltr'>l</span> <span class='ocrx_word' id='word_1_32' title='bbox 151 2040 242 2086; x_wconf 82' lang='lat' dir='ltr'>Gesena</span> <span class='ocrx_word' id='word_1_33' title='bbox 265 2042 368 2096; x_wconf 74' lang='lat' dir='ltr'>Hieros,</span> <span class='ocrx_word' id='word_1_34' title='bbox 398 2040 477 2088; x_wconf 83' lang='lat' dir='ltr'>Curva</span> <span class='ocrx_word' id='word_1_35' title='bbox 496 2041 603 2088; x_wconf 82' lang='lat' dir='ltr'>Caesena</span> <span class='ocrx_word' id='word_1_36' title='bbox 624 2043 688 2100; x_wconf 75' lang='lat' dir='ltr'>Ana,</span> <span class='ocrx_word' id='word_1_37' title='bbox 716 2042 796 2090; x_wconf 83' lang='lat' dir='ltr'>Curua</span> <span class='ocrx_word' id='word_1_38' title='bbox 820 2059 857 2090; x_wconf 85' lang='lat' dir='ltr'>aa·</span> 
     </span>
     <span class='ocr_line' id='line_1_19' title="bbox 108 2110 857 2169; baseline 0.004 -12"><span class='ocrx_word' id='word_1_39' title='bbox 108 2124 163 2157; x_wconf 84' lang='lat' dir='ltr'>sena</span> <span class='ocrx_word' id='word_1_40' title='bbox 184 2111 241 2157; x_wconf 83' lang='lat' dir='ltr'>Tab.</span> <span class='ocrx_word' id='word_1_41' title='bbox 297 2113 311 2156; x_wconf 80' lang='lat'><strong>2</strong></span> <span class='ocrx_word' id='word_1_42' title='bbox 339 2110 440 2169; x_wconf 81' lang='lat' dir='ltr'>Sesena]</span> <span class='ocrx_word' id='word_1_43' title='bbox 461 2114 541 2158; x_wconf 80' lang='lat' dir='ltr'>cesina</span> <span class='ocrx_word' id='word_1_44' title='bbox 560 2111 583 2169; x_wconf 82' lang='lat'>0,</span> <span class='ocrx_word' id='word_1_45' title='bbox 612 2127 695 2160; x_wconf 84' lang='lat' dir='ltr'>arsena</span> <span class='ocrx_word' id='word_1_46' title='bbox 714 2114 741 2169; x_wconf 82' lang='lat' dir='ltr'>G,</span> <span class='ocrx_word' id='word_1_47' title='bbox 764 2115 857 2160; x_wconf 76' lang='lat' dir='ltr'>videtur</span> 
     </span>
     <span class='ocr_line' id='line_1_20' title="bbox 107 2181 854 2241; baseline 0.005 -14"><span class='ocrx_word' id='word_1_48' title='bbox 107 2196 154 2227; x_wconf 77' lang='lat' dir='ltr'>aare</span> <span class='ocrx_word' id='word_1_49' title='bbox 166 2181 264 2228; x_wconf 80' lang='lat' dir='ltr'>Sarsina</span> <span class='ocrx_word' id='word_1_50' title='bbox 273 2181 335 2239; x_wconf 70' lang='lat' dir='ltr'>sita,</span> <span class='ocrx_word' id='word_1_51' title='bbox 349 2181 480 2240; x_wconf 73' lang='lat' dir='ltr'>Martialis,</span> <span class='ocrx_word' id='word_1_52' title='bbox 494 2182 603 2241; x_wconf 79' lang='lat' dir='ltr'>aliorum,</span> <span class='ocrx_word' id='word_1_53' title='bbox 617 2187 740 2230; x_wconf 76' lang='lat' dir='ltr'>etiamnum</span> <span class='ocrx_word' id='word_1_54' title='bbox 749 2184 854 2231; x_wconf 81' lang='lat' dir='ltr'>Sarsina.</span> 
     </span>
     <span class='ocr_line' id='line_1_21' title="bbox 109 2252 855 2324; baseline 0.009 -26"><span class='ocrx_word' id='word_1_55' title='bbox 109 2254 123 2298; x_wconf 83' lang='lat'><strong>3</strong></span> <span class='ocrx_word' id='word_1_56' title='bbox 150 2253 233 2299; x_wconf 84' lang='lat' dir='ltr'>Monte</span> <span class='ocrx_word' id='word_1_57' title='bbox 252 2252 357 2308; x_wconf 86' lang='lat' dir='ltr'>Feletre]</span> <span class='ocrx_word' id='word_1_58' title='bbox 381 2267 450 2299; x_wconf 88' lang='lat' dir='ltr'>mons</span> <span class='ocrx_word' id='word_1_59' title='bbox 468 2253 557 2300; x_wconf 84' lang='lat' dir='ltr'>felleris</span> <span class='ocrx_word' id='word_1_60' title='bbox 576 2255 603 2311; x_wconf 85' lang='lat' dir='ltr'>G,</span> <span class='ocrx_word' id='word_1_61' title='bbox 631 2256 855 2324; x_wconf 76' lang='grc' dir='ltr'><strong><em>Μοντεφέρετρον</em></strong></span> 
     </span>
     <span class='ocr_line' id='line_1_22' title="bbox 105 2322 855 2382; baseline 0.005 -14"><span class='ocrx_word' id='word_1_62' title='bbox 105 2324 205 2382; x_wconf 82' lang='lat' dir='ltr'>Proaap.</span> <span class='ocrx_word' id='word_1_63' title='bbox 270 2325 286 2369; x_wconf 85' lang='lat'>4</span> <span class='ocrx_word' id='word_1_64' title='bbox 314 2322 418 2380; x_wconf 83' lang='lat' dir='ltr'>Orbinol</span> <span class='ocrx_word' id='word_1_65' title='bbox 438 2331 473 2369; x_wconf 82' lang='lat' dir='ltr'>est</span> <span class='ocrx_word' id='word_1_66' title='bbox 490 2324 617 2370; x_wconf 90' lang='lat' dir='ltr'>Urbinum.</span> <span class='ocrx_word' id='word_1_67' title='bbox 681 2327 695 2371; x_wconf 81' lang='lat'><strong>5</strong></span> <span class='ocrx_word' id='word_1_68' title='bbox 723 2327 775 2371; x_wconf 85' lang='lat' dir='ltr'>foro</span> <span class='ocrx_word' id='word_1_69' title='bbox 794 2340 855 2372; x_wconf 86' lang='lat' dir='ltr'>sem-</span> 
     </span>
     <span class='ocr_line' id='line_1_23' title="bbox 105 2393 855 2455; baseline 0.004 -16"><span class='ocrx_word' id='word_1_70' title='bbox 105 2395 182 2441; x_wconf 83' lang='lat' dir='ltr'>bronii</span> <span class='ocrx_word' id='word_1_71' title='bbox 201 2395 231 2450; x_wconf 86' lang='lat' dir='ltr'>B,</span> <span class='ocrx_word' id='word_1_72' title='bbox 260 2395 311 2440; x_wconf 82' lang='lat' dir='ltr'>foro</span> <span class='ocrx_word' id='word_1_73' title='bbox 324 2395 471 2452; x_wconf 88' lang='lat' dir='ltr'>semphronii</span> <span class='ocrx_word' id='word_1_74' title='bbox 490 2393 514 2451; x_wconf 84' lang='lat'>0,</span> <span class='ocrx_word' id='word_1_75' title='bbox 541 2395 603 2441; x_wconf 86' lang='lat' dir='ltr'>Foro</span> <span class='ocrx_word' id='word_1_76' title='bbox 616 2395 740 2455; x_wconf 81' lang='lat' dir='ltr'>Semproni</span> <span class='ocrx_word' id='word_1_77' title='bbox 758 2398 813 2442; x_wconf 81' lang='lat' dir='ltr'>Ant.</span> <span class='ocrx_word' id='word_1_78' title='bbox 832 2403 855 2442; x_wconf 82' lang='lat' dir='ltr'>et</span> 
     </span>
     <span class='ocr_line' id='line_1_24' title="bbox 108 2463 853 2524; baseline 0.004 -14"><span class='ocrx_word' id='word_1_79' title='bbox 108 2465 171 2521; x_wconf 70' lang='lat' dir='ltr'>rat„</span> <span class='ocrx_word' id='word_1_80' title='bbox 201 2465 263 2510; x_wconf 82' lang='lat' dir='ltr'>Foro</span> <span class='ocrx_word' id='word_1_81' title='bbox 284 2463 404 2523; x_wconf 88' lang='lat' dir='ltr'>Simproni</span> <span class='ocrx_word' id='word_1_82' title='bbox 422 2466 516 2510; x_wconf 79' lang='lat' dir='ltr'>Hieros.</span> <span class='ocrx_word' id='word_1_83' title='bbox 575 2468 589 2510; x_wconf 90' lang='grc'><strong>6</strong></span> <span class='ocrx_word' id='word_1_84' title='bbox 619 2467 733 2512; x_wconf 79' lang='lat' dir='ltr'>Intercisa</span> <span class='ocrx_word' id='word_1_85' title='bbox 749 2467 853 2524; x_wconf 69' lang='lat' dir='ltr'>Hieron,</span> 
     </span>
     <span class='ocr_line' id='line_1_25' title="bbox 103 2534 852 2595; baseline 0.001 -13"><span class='ocrx_word' id='word_1_86' title='bbox 103 2537 141 2582; x_wconf 82' lang='lat' dir='ltr'>Ad</span> <span class='ocrx_word' id='word_1_87' title='bbox 158 2535 277 2582; x_wconf 82' lang='lat' dir='ltr'>Intercisa</span> <span class='ocrx_word' id='word_1_88' title='bbox 299 2537 354 2581; x_wconf 83' lang='lat' dir='ltr'>Tab.</span> <span class='ocrx_word' id='word_1_89' title='bbox 409 2539 422 2582; x_wconf 87' lang='grc'><strong>7</strong></span> <span class='ocrx_word' id='word_1_90' title='bbox 443 2534 532 2593; x_wconf 81' lang='lat' dir='ltr'>Gallis]</span> <span class='ocrx_word' id='word_1_91' title='bbox 552 2535 620 2583; x_wconf 82' lang='lat' dir='ltr'>Galle</span> <span class='ocrx_word' id='word_1_92' title='bbox 638 2539 705 2584; x_wconf 78' lang='lat' dir='ltr'>vicus</span> <span class='ocrx_word' id='word_1_93' title='bbox 723 2539 786 2595; x_wconf 74' lang='lat' dir='ltr'>Ant,</span> <span class='ocrx_word' id='word_1_94' title='bbox 813 2538 852 2583; x_wconf 83' lang='lat' dir='ltr'>Ad</span> 
     </span>
     <span class='ocr_line' id='line_1_26' title="bbox 103 2605 851 2666; baseline 0.003 -14"><span class='ocrx_word' id='word_1_95' title='bbox 103 2607 177 2652; x_wconf 84' lang='lat' dir='ltr'>calem</span> <span class='ocrx_word' id='word_1_96' title='bbox 201 2606 266 2662; x_wconf 59' lang='lat' dir='ltr'>Tabe,</span> <span class='ocrx_word' id='word_1_97' title='bbox 293 2605 331 2651; x_wconf 83' lang='lat' dir='ltr'>Ad</span> <span class='ocrx_word' id='word_1_98' title='bbox 355 2606 405 2652; x_wconf 82' lang='lat' dir='ltr'>cale</span> <span class='ocrx_word' id='word_1_99' title='bbox 427 2607 522 2652; x_wconf 78' lang='lat' dir='ltr'>Hieros.</span> <span class='ocrx_word' id='word_1_100' title='bbox 594 2609 609 2652; x_wconf 81' lang='lat'>8</span> <span class='ocrx_word' id='word_1_101' title='bbox 637 2607 728 2653; x_wconf 85' lang='lat' dir='ltr'>latialis</span> <span class='ocrx_word' id='word_1_102' title='bbox 746 2609 769 2653; x_wconf 93' lang='lat' dir='ltr'><em>B</em></span> <span class='ocrx_word' id='word_1_103' title='bbox 787 2608 851 2666; x_wconf 80' lang='lat' dir='ltr'>editi,</span> 
     </span>
     <span class='ocr_line' id='line_1_27' title="bbox 102 2676 851 2737; baseline 0.003 -15"><span class='ocrx_word' id='word_1_104' title='bbox 102 2677 203 2724; x_wconf 80' lang='lat' dir='ltr'>luceolis</span> <span class='ocrx_word' id='word_1_105' title='bbox 224 2676 244 2722; x_wconf 85' lang='lat' dir='ltr'><em>G</em></span> <span class='ocrx_word' id='word_1_106' title='bbox 262 2683 284 2722; x_wconf 82' lang='lat' dir='ltr'>a</span> <span class='ocrx_word' id='word_1_107' title='bbox 302 2676 391 2722; x_wconf 82' lang='lat' dir='ltr'>Paaiaa</span> <span class='ocrx_word' id='word_1_108' title='bbox 402 2679 472 2722; x_wconf 81' lang='lat' dir='ltr'>Diae.</span> <span class='ocrx_word' id='word_1_109' title='bbox 528 2679 542 2722; x_wconf 83' lang='lat'>9</span> <span class='ocrx_word' id='word_1_110' title='bbox 562 2677 675 2736; x_wconf 78' lang='lat' dir='ltr'>egubium</span> <span class='ocrx_word' id='word_1_111' title='bbox 695 2678 722 2734; x_wconf 88' lang='lat' dir='ltr'>G,</span> <span class='ocrx_word' id='word_1_112' title='bbox 749 2679 851 2737; x_wconf 83' lang='lat' dir='ltr'>Eugube</span> 
     </span>
     <span class='ocr_line' id='line_1_28' title="bbox 102 2746 851 2807; baseline 0.001 -13"><span class='ocrx_word' id='word_1_113' title='bbox 102 2749 165 2804; x_wconf 81' lang='lat' dir='ltr'>editi,</span> <span class='ocrx_word' id='word_1_114' title='bbox 194 2748 307 2807; x_wconf 73' lang='lat' dir='ltr'>Iguvium</span> <span class='ocrx_word' id='word_1_115' title='bbox 326 2746 400 2804; x_wconf 78' lang='lat' dir='ltr'>Gaea,</span> <span class='ocrx_word' id='word_1_116' title='bbox 422 2750 447 2792; x_wconf 83' lang='lat' dir='ltr'>ia</span> <span class='ocrx_word' id='word_1_117' title='bbox 462 2747 552 2794; x_wconf 83' lang='lat' dir='ltr'>Tabala</span> <span class='ocrx_word' id='word_1_118' title='bbox 574 2749 639 2794; x_wconf 87' lang='lat' dir='ltr'>Iovis</span> <span class='ocrx_word' id='word_1_119' title='bbox 657 2748 776 2795; x_wconf 88' lang='lat' dir='ltr'>Penninus</span> <span class='ocrx_word' id='word_1_120' title='bbox 794 2750 819 2794; x_wconf 90' lang='lat' dir='ltr'>id</span> <span class='ocrx_word' id='word_1_121' title='bbox 838 2755 851 2795; x_wconf 75' lang='grc' dir='ltr'>ὂ</span> 
     </span>
     <span class='ocr_line' id='line_1_29' title="bbox 102 2815 851 2879; baseline 0.001 -15"><span class='ocrx_word' id='word_1_122' title='bbox 102 2820 201 2879; x_wconf 82' lang='lat' dir='ltr'>agubio,</span> <span class='ocrx_word' id='word_1_123' title='bbox 225 2818 268 2864; x_wconf 79' lang='lat' dir='ltr'>aad</span> <span class='ocrx_word' id='word_1_124' title='bbox 285 2819 310 2863; x_wconf 89' lang='lat' dir='ltr'>id</span> <span class='ocrx_word' id='word_1_125' title='bbox 328 2823 341 2863; x_wconf 69' lang='lat' dir='ltr'>a</span> <span class='ocrx_word' id='word_1_126' title='bbox 360 2821 395 2864; x_wconf 85' lang='lat' dir='ltr'>ita</span> <span class='ocrx_word' id='word_1_127' title='bbox 412 2817 554 2864; x_wconf 83' lang='lat' dir='ltr'>collocatam</span> <span class='ocrx_word' id='word_1_128' title='bbox 575 2833 647 2877; x_wconf 78' lang='lat' dir='ltr'>saper</span> <span class='ocrx_word' id='word_1_129' title='bbox 664 2815 760 2877; x_wconf 71' lang='lat' dir='ltr'>egubio,</span> <span class='ocrx_word' id='word_1_130' title='bbox 779 2826 806 2864; x_wconf 82' lang='lat' dir='ltr'>at</span> <span class='ocrx_word' id='word_1_131' title='bbox 824 2833 851 2865; x_wconf 75' lang='lat' dir='ltr'>aa</span> 
     </span>
     <span class='ocr_line' id='line_1_30' title="bbox 102 2889 849 2947; baseline 0.001 -13"><span class='ocrx_word' id='word_1_132' title='bbox 102 2889 215 2934; x_wconf 76' lang='lat' dir='ltr'>eiusmodi</span> <span class='ocrx_word' id='word_1_133' title='bbox 233 2891 352 2946; x_wconf 77' lang='lat' dir='ltr'>scriptura</span> <span class='ocrx_word' id='word_1_134' title='bbox 365 2889 471 2934; x_wconf 84' lang='lat' dir='ltr'>luterbio</span> <span class='ocrx_word' id='word_1_135' title='bbox 489 2895 570 2935; x_wconf 73' lang='lat' dir='ltr'>antima</span> <span class='ocrx_word' id='word_1_136' title='bbox 588 2903 636 2934; x_wconf 81' lang='lat' dir='ltr'>esee</span> <span class='ocrx_word' id='word_1_137' title='bbox 649 2892 734 2947; x_wconf 80' lang='lat' dir='ltr'>poerit.</span> <span class='ocrx_word' id='word_1_138' title='bbox 754 2890 763 2935; x_wconf 90' lang='grc' dir='ltr'>ΙΙ</span> <span class='ocrx_word' id='word_1_139' title='bbox 780 2894 849 2947; x_wconf 86' lang='lat' dir='ltr'>quae]</span> 
     </span>
     <span class='ocr_line' id='line_1_31' title="bbox 102 2957 850 3018; baseline 0.001 -13"><span class='ocrx_word' id='word_1_140' title='bbox 102 2962 142 3018; x_wconf 85' lang='lat' dir='ltr'>qui</span> <span class='ocrx_word' id='word_1_141' title='bbox 163 2959 187 3006; x_wconf 81' lang='lat'>0.</span> <span class='ocrx_word' id='word_1_142' title='bbox 216 2961 226 3004; x_wconf 82' lang='lat' dir='ltr'>t</span> <span class='ocrx_word' id='word_1_143' title='bbox 252 2959 371 3014; x_wconf 83' lang='lat' dir='ltr'>Interbial</span> <span class='ocrx_word' id='word_1_144' title='bbox 393 2960 495 3006; x_wconf 89' lang='lat' dir='ltr'>niterbio</span> <span class='ocrx_word' id='word_1_145' title='bbox 514 2961 542 3018; x_wconf 80' lang='lat' dir='ltr'>A,</span> <span class='ocrx_word' id='word_1_146' title='bbox 569 2961 688 3006; x_wconf 84' lang='lat' dir='ltr'>internum</span> <span class='ocrx_word' id='word_1_147' title='bbox 708 2957 759 3017; x_wconf 52' lang='grc' dir='ltr'>(ἴθ’,</span> <span class='ocrx_word' id='word_1_148' title='bbox 787 2961 850 3006; x_wconf 86' lang='lat' dir='ltr'>ince-</span> 
     </span>
     <span class='ocr_line' id='line_1_32' title="bbox 101 3027 850 3087; baseline 0.001 -11"><span class='ocrx_word' id='word_1_149' title='bbox 101 3045 170 3076; x_wconf 88' lang='lat' dir='ltr'>runm</span> <span class='ocrx_word' id='word_1_150' title='bbox 191 3030 230 3086; x_wconf 58' lang='grc' dir='ltr'>(Ρ,</span> <span class='ocrx_word' id='word_1_151' title='bbox 259 3030 353 3075; x_wconf 76' lang='lat' dir='ltr'>interin&#39;r</span> <span class='ocrx_word' id='word_1_152' title='bbox 369 3027 407 3074; x_wconf 74' lang='lat' dir='ltr'>G⁶.</span> <span class='ocrx_word' id='word_1_153' title='bbox 434 3031 444 3076; x_wconf 90' lang='grc'>11</span> <span class='ocrx_word' id='word_1_154' title='bbox 469 3031 523 3087; x_wconf 86' lang='lat' dir='ltr'>vell</span> <span class='ocrx_word' id='word_1_155' title='bbox 539 3045 582 3076; x_wconf 89' lang='lat' dir='ltr'>seu</span> <span class='ocrx_word' id='word_1_156' title='bbox 601 3030 683 3076; x_wconf 74' lang='lat' dir='ltr'>Gnido.</span> <span class='ocrx_word' id='word_1_157' title='bbox 751 3032 782 3077; x_wconf 88' lang='grc'>10</span> <span class='ocrx_word' id='word_1_158' title='bbox 811 3031 850 3078; x_wconf 92' lang='lat' dir='ltr'>Iu-</span> 
     </span>
     <span class='ocr_line' id='line_1_33' title="bbox 101 3100 848 3160; baseline 0.003 -14"><span class='ocrx_word' id='word_1_159' title='bbox 101 3100 145 3157; x_wconf 81' lang='lat' dir='ltr'>lia}</span> <span class='ocrx_word' id='word_1_160' title='bbox 164 3104 280 3146; x_wconf 77' lang='lat' dir='ltr'>incertam</span> <span class='ocrx_word' id='word_1_161' title='bbox 297 3115 328 3145; x_wconf 84' lang='lat' dir='ltr'>aa</span> <span class='ocrx_word' id='word_1_162' title='bbox 346 3101 379 3145; x_wconf 86' lang='lat' dir='ltr'>ad</span> <span class='ocrx_word' id='word_1_163' title='bbox 395 3115 491 3160; x_wconf 81' lang='lat' dir='ltr'>aaqaeas</span> <span class='ocrx_word' id='word_1_164' title='bbox 507 3104 632 3159; x_wconf 76' lang='lat' dir='ltr'>pertineat.</span> <span class='ocrx_word' id='word_1_165' title='bbox 697 3103 727 3146; x_wconf 88' lang='lat'>11</span> <span class='ocrx_word' id='word_1_166' title='bbox 756 3102 848 3148; x_wconf 88' lang='lat' dir='ltr'>Pirusio</span> 
     </span>
     <span class='ocr_line' id='line_1_34' title="bbox 105 3171 850 3230; baseline 0.004 -14"><span class='ocrx_word' id='word_1_167' title='bbox 105 3171 159 3216; x_wconf 82' lang='lat' dir='ltr'>Tab.</span> <span class='ocrx_word' id='word_1_168' title='bbox 226 3173 256 3216; x_wconf 79' lang='lat'>12</span> <span class='ocrx_word' id='word_1_169' title='bbox 285 3171 387 3227; x_wconf 84' lang='lat' dir='ltr'>Petonal</span> <span class='ocrx_word' id='word_1_170' title='bbox 408 3186 502 3230; x_wconf 85' lang='lat' dir='ltr'>poenna</span> <span class='ocrx_word' id='word_1_171' title='bbox 523 3171 551 3229; x_wconf 78' lang='lat' dir='ltr'>O,</span> <span class='ocrx_word' id='word_1_172' title='bbox 575 3173 681 3218; x_wconf 85' lang='lat' dir='ltr'>betomia</span> <span class='ocrx_word' id='word_1_173' title='bbox 700 3172 727 3230; x_wconf 80' lang='lat' dir='ltr'>G,</span> <span class='ocrx_word' id='word_1_174' title='bbox 755 3173 850 3219; x_wconf 88' lang='lat' dir='ltr'>Vetona</span> 
     </span>
     <span class='ocr_line' id='line_1_35' title="bbox 105 3241 849 3299; baseline 0.004 -12"><span class='ocrx_word' id='word_1_175' title='bbox 105 3242 169 3299; x_wconf 64' lang='lat' dir='ltr'>Tab„</span> <span class='ocrx_word' id='word_1_176' title='bbox 188 3256 250 3287; x_wconf 79' lang='lat' dir='ltr'>naar</span> <span class='ocrx_word' id='word_1_177' title='bbox 268 3241 373 3288; x_wconf 87' lang='lat' dir='ltr'>Vettona</span> <span class='ocrx_word' id='word_1_178' title='bbox 393 3245 440 3288; x_wconf 83' lang='lat' dir='ltr'>siae</span> <span class='ocrx_word' id='word_1_179' title='bbox 458 3243 569 3289; x_wconf 85' lang='lat' dir='ltr'>Bettona.</span> <span class='ocrx_word' id='word_1_180' title='bbox 637 3244 668 3288; x_wconf 82' lang='lat'>13</span> <span class='ocrx_word' id='word_1_181' title='bbox 696 3243 775 3290; x_wconf 80' lang='lat' dir='ltr'>Tuder</span> <span class='ocrx_word' id='word_1_182' title='bbox 793 3244 849 3290; x_wconf 80' lang='lat' dir='ltr'>editi</span> 
     </span>
     <span class='ocr_line' id='line_1_36' title="bbox 102 3310 847 3372; baseline 0.003 -15"><span class='ocrx_word' id='word_1_183' title='bbox 102 3327 151 3358; x_wconf 77' lang='lat' dir='ltr'>aaa</span> <span class='ocrx_word' id='word_1_184' title='bbox 168 3313 224 3358; x_wconf 81' lang='lat' dir='ltr'>Tab.</span> <span class='ocrx_word' id='word_1_185' title='bbox 248 3319 270 3358; x_wconf 81' lang='lat' dir='ltr'>at</span> <span class='ocrx_word' id='word_1_186' title='bbox 293 3310 360 3369; x_wconf 78' lang='lat' dir='ltr'>aliie,</span> <span class='ocrx_word' id='word_1_187' title='bbox 387 3314 466 3360; x_wconf 85' lang='lat' dir='ltr'>Tuder</span> <span class='ocrx_word' id='word_1_188' title='bbox 487 3327 548 3372; x_wconf 86' lang='lat' dir='ltr'>quae</span> <span class='ocrx_word' id='word_1_189' title='bbox 570 3319 595 3360; x_wconf 88' lang='lat' dir='ltr'>et</span> <span class='ocrx_word' id='word_1_190' title='bbox 611 3313 742 3360; x_wconf 84' lang='lat' dir='ltr'>Tudertina</span> <span class='ocrx_word' id='word_1_191' title='bbox 764 3314 847 3361; x_wconf 80' lang='lat' dir='ltr'>Gaida.</span> 
     </span>
    </p>
   </div>
   <div class='ocr_carea' id='block_1_8' title="bbox 649 3399 701 3437">
    <p class='ocr_par' dir='ltr' id='par_1_11' title="bbox 649 3399 701 3437">
     <span class='ocr_line' id='line_1_37' title="bbox 649 3399 701 3437; baseline 0 0"><span class='ocrx_word' id='word_1_192' title='bbox 649 3399 701 3437; x_wconf 80' lang='lat'>1⁸·</span> 
     </span>
    </p>
   </div>
   <div class='ocr_carea' id='block_1_9' title="bbox 0 0 1110 3834">
    <p class='ocr_par' dir='ltr' id='par_1_12' title="bbox 0 0 1110 3834">
     <span class='ocr_line' id='line_1_38' title="bbox 0 0 1110 3834; baseline 0 6"><span class='ocrx_word' id='word_1_193' title='bbox 0 0 1110 3834; x_wconf 95' lang='lat' dir='ltr'> </span> 
     </span>
    </p>
   </div>
  </div>
 </body>
</html>
