2210 3834
270 467 384 533 Rubra

271 567 422 636 Cornelia

271 672 397 738 Cebula

268 777 421 843 Bulnetia

267 882 378 946 Boron

265 985 393 1050 Bexum

266 1089 387 1152 Turres

265 1188 386 1257 Staoile

265 1294 438 1379 Apennina

264 1397 321 1462 Ad
342 1398 502 1463 Munialia

265 1500 321 1566 Ad
342 1500 468 1568 Solaria

265 1604 383 1670 Ricina

266 1707 384 1775 Genua

264 1813 419 1878 Ficolinis

263 1916 348 1981 Asta

263 2019 405 2084 Nabalia

261 2122 349 2188 Alba
369 2123 497 2187 Decilia

119 2248 129 2290 1
156 2245 238 2290 Rubra
265 2247 335 2291 etiam
363 2246 414 2292 269
442 2246 467 2292 5.
549 2246 563 2293 2
592 2244 729 2291 Cornelium
757 2245 808 2291 269
837 2249 860 2293 6.

116 2317 130 2362 a
157 2315 249 2362 nebula
272 2331 317 2362 om.
338 2315 361 2362 0.
427 2319 443 2362 4
471 2315 584 2362 Bulnetia
606 2317 676 2362 etiam
695 2315 746 2360 269
766 2315 790 2374 7,
817 2319 861 2363 mi-

114 2388 176 2432 netia
189 2387 233 2432 AB
245 2386 309 2444 editi,
330 2389 440 2433 munecia
459 2387 485 2433 θ.
551 2385 564 2431 5
593 2385 673 2432 Boron
691 2389 761 2432 etiam
774 2387 824 2437 269
845 2389 860 2434 8

114 2463 136 2502 et
154 2457 184 2514 G,
213 2457 273 2504 boto
300 2457 345 2504 AB
371 2459 435 2504 editi.
508 2459 522 2503 6
551 2457 646 2502 Bexum
672 2459 742 2503 etiam
764 2459 858 2516 2699,

113 2541 194 2574 texum
215 2528 243 2574 G.
311 2530 324 2573 7
352 2529 438 2576 Turres
462 2531 532 2576 etiam
550 2528 602 2573 269
620 2530 661 2574 16.
728 2530 742 2575 8
771 2529 860 2576 Stacile

113 2601 180 2644 etiam
193 2599 245 2647 269
264 2599 306 2655 11,
325 2600 412 2647 statine
426 2598 453 2656 G,
472 2597 565 2646 stateile
574 2600 618 2646 AB
630 2599 694 2644 editi.
746 2601 759 2644 9
778 2599 860 2659 Apen-

30 2717 32 2723 ,
112 2669 167 2716 nina
185 2671 255 2715 etiam
268 2669 319 2715 269
338 2671 380 2727 12,
408 2671 518 2728 anpinina
535 2671 563 2726 A,
591 2670 716 2728 aspiniana
733 2671 763 2728 B,
790 2671 859 2730 Alpi-

111 2741 182 2787 niana
200 2741 264 2798 editi,
293 2741 429 2800 appennina
448 2740 475 2786 G.
550 2741 580 2786 10
609 2739 723 2786 amonilia
740 2741 791 2797 AB,
819 2741 858 2787 Ad

111 2811 209 2860 monilia
231 2811 300 2869 editi,
329 2809 368 2856 Ad
390 2811 499 2858 Muniala
521 2811 572 2856 269
596 2811 637 2867 13,
668 2811 807 2864 ammonilia
830 2813 857 2858 G.

115 2884 139 2926 ll
170 2883 210 2928 Ad
222 2881 316 2928 Solaria
334 2883 403 2926 etiam
417 2882 466 2928 269
486 2882 519 2928 11
538 2888 561 2926 et
580 2881 608 2939 G,
630 2882 662 2928 ad
674 2880 787 2928 solarium
804 2884 856 2929 AB.

113 2953 141 3000 12
168 2952 256 2999 Ricina
272 2953 406 3000 8161911269
425 2953 467 3010 15,
490 2954 579 2999 recima
598 2952 624 3008 G,
648 2952 727 2996 recine
742 2952 795 3010 AB,
817 2955 857 3000 Pi-

112 3023 162 3070 cina
182 3023 254 3069 Gran.
270 3023 293 3068 2.
368 3025 398 3071 13
428 3022 512 3069 Genua
530 3025 600 3068 etiam
618 3023 668 3068 270
688 3023 716 3079 1,
744 3024 810 3082 gmia
826 3025 855 3070 A.

114 3093 142 3138 14
167 3093 249 3139 salinis
269 3092 330 3140 Cat
349 3093 398 3138 270
418 3093 442 3150 2,
461 3093 571 3143 flicclinis
589 3094 622 3150 B,
646 3091 733 3138 ficlinis
752 3094 772 3139 G
790 3095 855 3142 editi.

114 3163 141 3212 15
168 3164 246 3210 Hasta
262 3163 325 3219 rab,
345 3179 390 3210 om.
411 3163 435 3210 0.
501 3165 531 3210 16
555 3163 661 3210 Nabalia
678 3165 748 3210 etiam
761 3165 811 3211 276
830 3166 854 3223 3,

112 3235 204 3285 navalia
217 3235 262 3280 AB
275 3235 339 3282 editi.
397 3237 427 3282 17
447 3233 655 3290 albaviciliaAB,
674 3235 720 3286 aba
730 3236 817 3283 deoilia
830 3236 854 3294 Ο,

114 3303 172 3358 Alba
190 3305 288 3364 Docilia
306 3305 370 3364 edici,
397 3305 453 3363 Aba
470 3305 569 3359 Decelia
587 3305 637 3352 270
657 3305 681 3354 1.

657 3391 688 3428 22
