2198 3840
247 276 300 329 450
953 294 1029 330 ovrno
1046 283 1072 336 2]

271 451 280 496 1
320 435 352 492 et
384 427 526 512 ipsorum
560 427 853 492 ecelesiasticorum
890 427 1060 511 doctorum,

269 556 283 601 2
320 553 455 614 quorum
489 531 663 596 sententias
692 541 725 596 et
751 532 943 596 assertiones
970 554 1061 596 eano-

268 663 283 708 3
319 635 441 698 nizatas
474 657 532 699 nos
563 658 621 720 pro
655 658 779 700 summo
812 635 882 698 iure
914 635 1062 700 tenendas

268 766 284 812 4
321 759 498 802 censemus.
544 737 694 802 dixerunt
722 732 811 802 enim.
836 738 932 802 etiam
954 740 1063 803 stoico-

269 870 283 916 5
321 865 392 905 rum
414 841 607 926 philosophi,
637 843 743 906 omnia
765 840 826 906 sub
851 843 920 906 celo
942 852 1064 928 propter

270 974 284 1018 6
321 945 477 1026 homines,
500 969 577 1031 ergo
598 945 743 1010 homines
763 954 897 1030 propter
917 947 1064 1027 homines,

270 1079 283 1123 7
321 1057 358 1113 ut
380 1048 588 1113 ostenderent
610 1057 642 1112 et
660 1047 834 1133 probarent
855 1049 1000 1114 homines
1014 1050 1064 1114 ho-

270 1182 284 1226 s
321 1154 444 1218 minum
474 1174 571 1216 causa
604 1161 714 1234 natOS,
747 1160 780 1216 et
811 1175 1063 1236 unumquemque

270 1254 1063 1330 ommmffifflfflfflme

254 1388 285 1433 1o
321 1360 407 1426 unde
431 1361 527 1426 etiam
549 1361 583 1424 in
602 1358 730 1424 laudem
744 1357 912 1424 Utieensis
929 1357 1065 1440 Catonis,

254 1491 284 1536 11
323 1466 379 1549 qui
401 1463 488 1550 apud
503 1463 667 1528 Romanos
690 1462 820 1528 habitus
836 1471 886 1528 est
906 1461 1065 1548 sapientis-

255 1595 285 1640 η
323 1570 436 1650 simus,
457 1568 611 1633 Lucanus
633 1566 911 1652 historiographus
934 1568 979 1632 ita

255 1699 286 1744 13
389 1693 449 1736 neo
472 1670 534 1738 sibi
557 1670 615 1736 sed
636 1671 697 1736 toti
719 1670 864 1758 genitum
887 1692 922 1736 se
945 1670 1065 1736 credere
1094 1707 1095 1710 κ

255 1801 287 1845 14
795 1772 927 1838 mundo.

256 1906 285 1951 15
324 1878 516 1946 Ambrosius
538 1901 615 1944 vero
637 1877 750 1942 doctor
771 1877 921 1963 egregius
944 1878 977 1942 in
991 1876 1066 1942 libro
1095 1945 1096 1958 ,

256 2010 287 2054 rs
324 1983 365 2048 de
387 1983 514 2064 officiis,
536 1983 643 2047 Marci
658 1982 758 2046 Tullii
779 1978 946 2046 Ciceronis
969 1990 1001 2045 et
1022 2002 1066 2044 ee·
1095 2035 1096 2068 z

257 2117 287 2160 17
324 2097 465 2153 tororum
495 2085 613 2169 quide
636 2085 751 2150 officiis
774 2085 931 2169 scripsere
953 2085 1066 2149 faciens
1095 2087 1096 2152 j

257 2220 288 2264 13
325 2191 530 2270 mentionem,
552 2190 615 2254 hoo
636 2187 722 2254 idem
745 2189 870 2270 asserit,
892 2187 1005 2252 dicens
1019 2209 1066 2251 eos
1095 2251 1096 2272 ,

257 2321 288 2365 19
325 2295 406 2358 haec
429 2317 448 2357 a
470 2293 586 2358 divinis
614 2293 731 2358 veteris
759 2295 944 2357 testamenti
966 2301 1067 2357 aneto
1095 2273 1096 2286 ἵ

257 2425 288 2470 20
326 2396 415 2462 ribus
430 2397 593 2478 habuisse,
607 2419 729 2482 ponens
745 2395 825 2460 illud
839 2395 927 2480 quod
942 2396 1066 2482 Moyses
1095 2467 1096 2478 χ

256 2529 287 2573 21
325 2501 359 2564 in
391 2500 474 2566 libro
503 2498 641 2565 Genesis
676 2499 715 2564 de
748 2501 908 2565 creatione
941 2497 1066 2566 secundi
1095 2575 1096 2580 γ

362 2663 453 2708 codices
471 2660 542 2722 bfmr.

307 2769 342 2814 ·2
362 2770 494 2814 sentencias
506 2773 530 2813 et
542 2767 686 2812 asserciones
698 2765 724 2826 f.
763 2768 777 2812 ὃ
797 2767 847 2812 iure
860 2765 937 2826 onas.
974 2769 989 2812 4
1009 2772 1067 2825 stey-

326 2853 407 2884 eorum
425 2839 475 2898 phy
492 2854 522 2883 m.
578 2839 804 2895 8unumquenque
821 2851 866 2882 mr.
920 2839 933 2882 9
963 2843 999 2883 set
1010 2835 1065 2897 smr.

329 2912 358 2955 11
378 2924 490 2955 romanus
501 2908 541 2970 sr.
581 2910 611 2954 12
629 2908 753 2964 Lucanus]
765 2905 905 2954 Pharsal.2
923 2907 982 2954 383.
1002 2909 1011 2954 ΙΙ
1028 2909 1066 2966 hy·

326 2981 507 3040 storiographus
524 2994 569 3035 mr,
587 2979 784 3038 ystoriographus
796 2977 822 3038 s,
845 2980 1031 3039 istoriographus
1047 2977 1065 3022 t.

330 3048 360 3097 13
380 3053 422 3097 sed
434 3051 481 3097 soli
493 3052 600 3110 genitum
612 3064 636 3095 se
648 3065 693 3106 mr,
712 3064 737 3095 se
749 3049 795 3095 soli
807 3051 915 3108 genitum
927 3051 969 3096 sed
980 3055 1030 3095 toto
1047 3047 1064 3102 h,

327 3121 373 3167 soli
386 3124 492 3180 genitum
504 3127 541 3168 set
553 3126 604 3168 toto
616 3118 643 3179 f.
699 3122 730 3166 16
752 3121 840 3176 Marci]
859 3121 892 3166 M.
905 3119 931 3180 f.
987 3121 1017 3165 18
1035 3131 1066 3162 as

327 3193 397 3249 serit}
417 3193 506 3252 asperit
523 3207 553 3237 m.
608 3191 639 3236 21
665 3192 775 3247 secundi]
795 3190 869 3237 seculi
887 3197 910 3236 et
928 3193 952 3236 in
968 3190 1065 3249 marytre
1094 3229 1096 3238 ,

328 3261 359 3307 al.
369 3265 467 3310 secundi
476 3279 506 3321 m,
525 3263 623 3309 secundi
635 3268 657 3308 et
670 3264 692 3309 in
705 3263 812 3322 marytre
824 3261 854 3308 al.
865 3261 939 3310 seculi
950 3277 972 3319 r,
990 3266 1035 3307 seci
1046 3258 1063 3302 b.
