2210 3834
12 293 14 312 i
72 339 151 388 [vsi

87 508 97 550 r
280 487 429 552 Viccnna

10 661 11 680 χ
85 607 97 652 a
276 591 391 656 Bicera

10 687 12 700 ’
84 715 96 758 a
275 694 432 759 Dronona

10 793 11 796 ¹
82 819 96 862 4
275 796 356 862 Ulta

9 887 10 920 ³
81 919 94 964 s
276 897 437 983 Garruna,
452 899 621 985 exquibus
637 901 792 988 aliquanti
803 903 876 968 fun-

80 1025 93 1069 s
128 1001 245 1066 duntur
267 1004 301 1067 in
325 1001 467 1068 Oceano.

9 1097 10 1114 ¹
80 1129 92 1172 ⁷
158 1103 208 1172 41.
253 1104 337 1170 Item
359 1107 450 1172 iuxta
465 1107 569 1192 ipsam
584 1104 801 1172 Guasconiam
817 1132 875 1193 po-

79 1233 92 1276 a
125 1209 210 1273 nitur
238 1209 344 1294 patria
370 1231 452 1292 quae
480 1210 663 1276 nominatur
685 1207 875 1297 Spanogua·

79 1338 91 1382 o
125 1313 250 1390 sconia3
275 1334 370 1395 quam
391 1322 423 1376 et
437 1313 541 1400 ipsam
554 1313 602 1378 illi
617 1313 802 1399 philosophi
818 1315 874 1397 qui

65 1440 91 1484 ro
124 1413 321 1500 praedictam
358 1411 577 1480 Guasooniam
614 1416 872 1504 designaverunt.

65 1542 90 1586 11
124 1517 181 1583 sed
214 1541 274 1584 nos
309 1517 486 1584 secundum
514 1520 693 1604 praefatam
721 1519 874 1585 Eldebal·

64 1643 90 1688 12
124 1619 199 1686 dum
210 1623 314 1708 ipsam
326 1619 643 1708 Spanoguasooniam
658 1623 872 1708 exposuimus.

64 1745 90 1792 ra
125 1747 220 1808 quam
246 1723 564 1812 Spanoguaaconiam
596 1727 659 1811 ipsi
690 1726 874 1814 philosophi

64 1848 90 1892 14
123 1829 369 1896 munitissimam
383 1829 520 1914 patriam
535 1850 605 1894 essa
623 1829 874 1913 affirmaverimt,

63 1951 89 1998 rc
123 1932 397 1998 circumvallatam
412 1955 452 1996 ex
467 1930 571 1996 trihus
586 1931 731 2018 partibus
743 1933 872 2019 Alpinis

62 2057 89 2102 16
123 2035 285 2101 montibus
312 2045 345 2101 et
366 2059 386 2101 a
408 2043 522 2119 quarto
543 2036 643 2101 latere
666 2060 686 2102 a
706 2036 872 2123 praedicto

63 2159 88 2206 rr
124 2135 267 2204 Oceano.
304 2140 338 2204 in
353 2136 713 2226 quaSpanoguasccnia
728 2140 873 2223 aliquan-

62 2261 89 2308 18
122 2251 170 2308 tas
200 2243 301 2317 fuisse
328 2242 475 2306 civitates
503 2242 657 2328 legimuS,
686 2265 726 2306 cx
755 2240 872 2326 quihus

63 2363 89 2409 1s
123 2357 274 2431 exparte
297 2345 466 2432 designare
489 2345 648 2427 volumus,
671 2345 705 2409 id
728 2354 778 2411 est

125 2538 135 2580 1
155 2537 275 2582 vincenna
286 2534 333 2594 Ac,
346 2533 456 2594 Vigenna
470 2533 599 2596 Gregorius
611 2535 675 2594 Tur„
693 2535 762 2582 hodia
770 2534 870 2581 Vienna.

123 2606 135 2652 2
154 2605 251 2663 Bicera]
264 2605 333 2652 hodia
342 2604 440 2652 Venere.
494 2607 508 2652 8
528 2606 610 2652 Drona
621 2604 709 2652 Aaool.
721 2605 870 2652 Laurtcaeua.

121 2677 188 2723 Perta
206 2678 273 2724 Mon.
291 2677 306 2722 Ι
320 2691 345 2736 p.
356 2676 416 2734 146,
434 2675 559 2722 Domcnia
577 2675 628 2735 clii,
647 2676 715 2722 hodia
731 2676 870 2734 Dordognc.

122 2750 136 2792 4
162 2747 234 2804 Uita]
253 2746 330 2794 Oldus
349 2745 417 2804 aliia,
444 2745 513 2792 hodia
534 2746 558 2792 le
575 2746 631 2793 Lot.
706 2746 720 2792 ὃ
750 2744 870 2802 Garrunal

121 2817 233 2865 Vamuna
245 2817 310 2876 editi,
330 2817 354 2863 fl.
368 2815 481 2864 Garunna
494 2817 557 2873 ch„
570 2817 639 2863 hodie
651 2815 770 2864 Garonnc.
798 2815 807 2862 ΙΙ
826 2815 871 2862 ali·

122 2894 221 2948 quantas
238 2889 272 2945 A,
301 2888 431 2947 aliquantis
449 2888 472 2932 B
494 2887 559 2933 editi.
586 2887 596 2934 ll
620 2889 726 2934 fundunt
742 2885 784 2934 Bc
805 2886 869 2933 editi.

121 2960 135 3005 6
157 2965 216 3018 post
234 2972 325 3006 oceano
347 2959 370 3004 B
388 2957 474 3004 litteris
491 2959 585 3003 micatis
610 2958 678 3004 addit
694 2970 748 3016 xxr,
779 2955 869 3004 Codri.

120 3030 148 3076 da
160 3043 238 3090 spano
251 3030 380 3076 wasconia.
436 3031 449 3075 7
470 3028 608 3087 gasconiam
626 3029 647 3073 A
665 3034 687 3074 et
705 3029 739 3074 sic
753 3027 868 3087 deinceps.

122 3101 151 3146 10
181 3101 359 3159 descripserunt
377 3098 552 3158 descripserunt
575 3101 639 3158 (aia)
660 3097 684 3146 C.
758 3099 789 3146 18
815 3105 871 3157 post

120 3169 312 3230 philosophiae
328 3169 384 3215 add.
403 3168 513 3216 multum.
569 3170 601 3216 14
619 3169 804 3216 adfirmwerunt
820 3168 869 3216 ΒΟ.

121 3243 151 3288 18
179 3241 291 3287 civitates
313 3241 385 3288 luisse
413 3237 438 3287 C.
473 3239 484 3286 ll
511 3245 569 3300 port
591 3241 678 3300 quibus
700 3240 758 3287 aditi
780 3240 870 3288 adducat

119 3311 261 3372 aliquantas.
