2198 3840
94 291 159 338 vn
850 241 901 340 su

111 459 122 504 1
156 435 284 521 implete
311 443 370 512 est3
400 419 504 519 portin
532 431 680 519 equidem
701 431 807 500 (tham
834 445 901 500 tum

110 561 123 606 s
155 539 340 627 longissime
362 539 531 620 evenisset,
554 559 635 622 quae
656 558 739 623 pene
761 537 901 622 quinque

109 667 121 711 s
154 643 185 706 in
208 665 242 708 se
266 641 404 726 aeeipiet
426 641 521 707 hores
540 639 619 720 diei3
643 651 676 706 et
689 641 821 726 Europe
835 649 901 705 tam

107 769 121 814 4
153 744 206 810 diu
227 743 417 832 longissima
439 743 688 826 demonstratur,
718 767 799 828 quae
823 765 901 828 qus·

108 871 120 916 s
152 858 223 914 tuor
244 849 341 913 hores
357 846 422 911 diei
438 847 557 932 seeipit
572 856 604 912 et
617 847 774 932 plurimas·
786 849 900 913 noetis.

107 977 119 1022 e
153 951 193 1017 sd
215 949 304 1036 quod
327 949 499 1015 dicendum
527 961 577 1015 est
603 951 679 1034 quis
700 951 786 1016 sieut
806 951 902 1037 pieri-

4 1086 6 1089 *
107 1081 120 1126 ⁷
153 1077 212 1140 que
235 1054 481 1138 semtipsum,
503 1054 588 1119 inter
610 1075 691 1138 quos
713 1055 775 1121 fuit
789 1055 918 1121 dicens·

105 1185 118 1230 s
151 1157 352 1244 Epiphanius
375 1164 426 1220 ter
447 1154 651 1224 beatissimus
675 1155 775 1244 Cypri
797 1158 901 1223 arehi-

105 1287 118 1333 9
151 1257 377 1347 episcopusin
400 1282 459 1324 suo
482 1261 619 1345 eloquio,
643 1261 730 1345 quod
752 1262 901 1346 aequales

0 1409 1 1422 ,
90 1393 117 1438 10
150 1365 314 1450 portiones
329 1363 387 1427 filii
402 1362 476 1428 Noe
492 1375 696 1449 aeceperunt,
711 1364 746 1429 id
761 1374 811 1432 est
825 1363 901 1431 Sem

0 1479 2 1490 ⁸
90 1495 116 1540 11
150 1468 264 1532 Asiam
287 1487 361 1530 eum
383 1467 450 1532 suis
476 1466 601 1549 insulis,
630 1465 733 1533 Cham
755 1469 901 1533 Africam

89 1600 116 1645 12
150 1572 247 1636 simili
270 1569 383 1652 mede,
412 1569 528 1656 Iaphet
549 1593 624 1635 vero
646 1569 810 1658 Europam
831 1571 901 1656 paui,

89 1704 116 1748 13
152 1675 231 1749 viee.
278 1671 336 1738 sed
359 1673 436 1738 dum
462 1675 534 1759 ipsa
554 1674 636 1739 Asia
657 1675 752 1740 nimis
774 1675 808 1738 in
829 1673 901 1738 leti·

88 1807 117 1850 14
148 1778 306 1858 tudinem,
328 1775 363 1840 id
386 1786 435 1841 est
459 1799 478 1841 a
500 1778 580 1842 meri
602 1801 720 1865 magno
743 1778 900 1862 usquein

88 1913 116 1960 15
150 1879 318 1948 Oceanum
341 1879 535 1962 extenditur,
557 1879 630 1945 ideo
652 1883 686 1946 in
708 1903 746 1948 ee
759 1891 900 1948 tantum-

88 2017 116 2061 10
148 1983 245 2049 modo
273 1993 339 2048 tres
368 1985 461 2068 quasi
488 1985 585 2050 horae
614 1983 679 2048 diei
707 1995 899 2072 supputatae

87 2119 115 2164 17
149 2097 234 2170 sunt,
257 2087 338 2152 eliae
360 2111 400 2152 ex
421 2096 514 2172 parte
535 2088 632 2152 horae
654 2090 759 2156 noetis
780 2091 814 2155 in
829 2091 900 2175 ipse

149 2279 162 2324 1
184 2277 268 2337 porcio
286 2275 336 2325 Bo.
363 2277 374 2324 ΙΙ
399 2277 522 2336 equidem]
542 2277 675 2336 etquidem
688 2276 736 2323 Ac.
790 2277 804 2322 2
824 2281 897 2336 quse}

148 2349 213 2408 quod
233 2347 257 2397 0,
347 2348 361 2394 3
390 2348 494 2408 accipiet
511 2348 576 2394 editi,
612 2347 622 2394 ΙΙ
652 2353 710 2406 post
728 2348 775 2392 diei
792 2348 813 2392 A
831 2347 899 2394 addit

147 2418 242 2478 sucepit
263 2423 288 2465 et
305 2417 421 2478 plurimus
443 2419 529 2466 noetis.
563 2419 594 2464 ad
617 2419 683 2477 quod
705 2418 831 2464 dicendum
853 2423 897 2477 est,

146 2502 206 2550 quus
224 2503 279 2534 moe
295 2496 432 2535 recurrunt.
486 2491 503 2536 4
530 2492 604 2549 quse]
625 2490 691 2548 qued
711 2487 735 2536 C.
808 2489 821 2534 5
850 2489 897 2535 diei

145 2561 218 2607 liures
246 2557 271 2606 0.
316 2559 327 2606 ΙΙ
369 2560 463 2620 aceepit
489 2558 539 2606 Be.
584 2559 594 2606 ii
638 2566 662 2606 et
683 2559 799 2620 plurimes
819 2561 897 2606 noetis

146 2645 192 2677 om.
213 2629 238 2677 0.
265 2629 275 2676 ΙΙ
301 2631 381 2689 qued]
401 2645 461 2690 quos
480 2631 503 2676 B
520 2631 585 2676 editi.
645 2632 658 2677 7
686 2631 734 2676 tuit
751 2631 843 2686 dicens}
862 2631 897 2676 di-

147 2701 250 2748 cendum
267 2701 312 2747 AB
329 2702 395 2748 editi.
450 2703 465 2748 8
493 2707 547 2748 aste
564 2701 716 2760 Epiphanius
734 2701 792 2746 editi
808 2700 897 2746 addunt

147 2778 191 2819 est.
219 2771 229 2817 ΙΙ
254 2771 388 2831 epiphanus
406 2771 437 2831 B,
464 2773 614 2833 epyphanius
634 2770 658 2819 0.
685 2771 696 2819 ΙΙ
720 2773 768 2828 ter]
791 2775 849 2817 tunc
867 2772 896 2829 B,

134 2849 199 2890 'tum
217 2842 283 2888 editi.
310 2843 320 2890 ΙΙ
346 2843 407 2902 cipri
424 2843 453 2889 B.
527 2845 541 2890 9
565 2849 623 2903 post
640 2855 683 2890 suo
705 2842 751 2888 AB
768 2843 826 2890 editi
842 2842 897 2888 add.

146 2915 189 2960 eit.
217 2912 227 2959 ΙΙ
253 2911 361 2972 eloquio]
385 2915 414 2960 ds
437 2920 504 2960 tet-ra
526 2915 589 2960 inter
599 2913 668 2973 filies
685 2914 754 2960 Noae
771 2913 897 2960 distributa

145 2982 297 3044 Epiphanius
320 2987 371 3045 epit
388 2985 503 3031 Auserat.
525 2999 545 3030 e.
556 2985 686 3030 114-116
706 2983 823 3042 (Operum
841 2990 857 3030 t.
873 2985 896 3030 2.

142 3055 312 3115 pne-118
329 3057 435 3112 Petam).
486 3057 517 3102 12
536 3057 643 3116 ismphet
662 3053 686 3102 0.
743 3055 773 3099 12
795 3055 825 3100 13
845 3057 896 3114 puri

146 3127 212 3182 viee}
230 3126 338 3185 pennice
356 3127 386 3184 B,
412 3128 502 3186 puriter
520 3126 585 3173 editi.
649 3126 680 3172 18
707 3124 836 3188 latitudine
854 3126 897 3171 ΑΒ

147 3197 211 3242 editi.
267 3198 299 3244 14
318 3200 345 3254 sl
364 3199 395 3244 sd
412 3199 435 3243 B
453 3198 517 3244 editi.
544 3198 554 3244 ii
579 3210 743 3256 maremsgno
761 3196 813 3254 AB,
831 3211 895 3243 mere

146 3282 259 3328 magnum
279 3269 343 3314 editi.

696 3336 747 3391 us*
