2314 3840
196 319 241 360 x11
529 319 679 356 murano.

265 463 461 531 ort-556.
513 463 582 528 eius
610 463 830 550 apographum
859 459 1014 526 debemus

263 575 421 640 amicitiae
443 573 612 641 Wilhelmi
632 574 837 639 Bethmanni,

212 776 241 817 m
264 753 367 818 codex
380 753 635 820 Mediolanensis
650 752 886 818 Ambrosianus
901 752 933 818 R
950 752 1014 820 104

264 889 335 951 sup.
364 866 451 931 folio.
502 874 552 931 est
580 864 787 947 chartaceus,
814 863 935 929 saeculi
955 884 1014 929 ru.
1118 849 1122 854 ⁵

264 979 407 1043 continet
429 979 585 1064 opuscula
605 977 759 1041 nonnulla
772 977 890 1062 partim
903 977 1016 1057 latino,

263 1089 381 1176 partim
401 1089 512 1154 italico
534 1111 680 1154 sermone
703 1089 895 1174 conscripta.
934 1085 1016 1153 Gui-

264 1200 357 1267 donis
379 1201 462 1266 liber
483 1201 530 1266 ita
551 1200 665 1286 incipit
688 1197 845 1285 „Sumpta
866 1223 905 1264 ex
924 1198 1016 1265 libris

256 1310 530 1410 ¹Cosmographye
542 1309 704 1376 Guidonis
713 1310 923 1377 Rauennatis.
959 1310 1016 1374 In-

265 1425 389 1510 cipiunt
402 1424 550 1506 feliciter,
565 1432 598 1488 et
612 1423 714 1518 primo
729 1423 894 1510 prologus.
932 1420 1016 1488 Cum

264 1537 348 1600 inter
380 1536 544 1601 homines“
581 1543 642 1600 etc.
702 1535 845 1599 continet
880 1536 1016 1621 paginas

265 1648 449 1717 449-501
476 1648 508 1712 4.
557 1646 644 1710 hunc
674 1645 819 1710 codicem
841 1645 882 1711 ab
904 1646 1017 1712 huma-

138 1815 142 1828 .
265 1759 366 1824 nitate
381 1759 547 1824 Vincentii
563 1756 705 1823 Catenae
719 1755 812 1822 nobis
828 1778 1017 1824 concessum

170 1919 172 1925 ι
265 1893 349 1936 anno
376 1870 460 1938 1854
482 1869 661 1936 Mediolani
690 1868 844 1957 degentes
873 1871 936 1956 ipsi
962 1893 1017 1934 ex·

266 1982 435 2048 cussimus.

222 2161 240 2201 r
269 2135 372 2202 codex
393 2137 559 2218 Romanus
589 2135 795 2204 Sessorianus
824 2136 888 2205 286
919 2137 1018 2221 (olim

267 2250 352 2335 346)
381 2250 415 2314 in
441 2247 638 2313 bibliotheca
666 2249 851 2313 monasterii
879 2246 1018 2314 Sanctae

266 2359 381 2426 Crucis
402 2359 716 2447 Hierosolymitanae
738 2369 931 2425 asservatus.
968 2370 1018 2426 est
1090 2395 1092 2398 ·

267 2474 466 2554 chartaceus,
484 2473 604 2537 saeculi
618 2492 667 2554 xv,
683 2471 784 2536 nitide
799 2472 954 2556 scriptus3
969 2471 1018 2538 fo·

264 2585 380 2649 liorum
401 2583 537 2649 latitudo
566 2593 615 2649 est
635 2584 789 2669 pollicum
817 2582 958 2651 Rheno
986 2593 1018 2649 et

267 2696 423 2760 linearum
442 2696 474 2777 4,
497 2694 634 2759 altitudo
655 2695 808 2780 pollicum
824 2699 844 2762 7
868 2703 900 2759 et
918 2695 1019 2760 linea·

266 2830 338 2872 rum
361 2811 391 2873 5.
444 2807 587 2870 continet
612 2815 739 2891 praeter
761 2807 917 2891 opuscula
937 2808 1018 2872 varii

267 2919 448 3005 argumenti
470 2915 654 2982 Guidonem
674 2916 750 2981 inde
773 2941 792 2982 a
812 2918 932 3004 pagina
953 2918 1018 2987 449

269 3030 379 3097 -501
411 3031 442 3094 4.
494 3029 589 3094 huius
619 3027 740 3093 codicis
771 3029 896 3114 copiam
924 3029 1018 3095 nobis

266 3141 344 3206 fecit
372 3139 555 3226 benignitas
579 3138 730 3227 Gregorii
758 3141 916 3206 Bartolini
945 3163 1019 3207 cum

267 3276 295 3317 a.
323 3251 407 3320 1854
429 3251 553 3318 Romae
576 3273 855 3318 commoraremur.
