2234 3842
86 339 170 376 ormo
190 329 238 376 121
857 327 909 380 547

109 497 120 541 1
177 471 252 542 120.
297 472 380 538 Asia
401 471 524 538 habens
537 471 619 537 fines
640 471 681 538 ab
703 473 825 538 oriente
840 496 909 538 ere-

107 597 120 642 a
154 599 243 642 rnum
267 575 381 642 Indiae
403 576 586 641 Dimerioae
613 577 907 643 intransmeabilem

105 700 118 746 a
153 680 301 764 ultraque
325 702 364 744 ea
385 677 446 743 deo
474 687 585 744 nostro
606 680 829 746 tantummodo
853 703 906 746 oo-

102 803 118 848 4
152 783 290 868 gnitum.
335 806 355 846 a
380 791 472 867 parte
500 805 577 847 vero
605 783 781 850 meridiana
808 783 906 850 habet

101 903 115 952 t
150 887 232 952 fines
254 885 337 950 Asia
352 883 520 951 Oceanum
542 886 629 970 quod
650 889 756 974 tangit
776 889 905 953 tertiam

100 1009 113 1054 o
149 987 278 1054 Indiam
304 989 474 1070 maiorem,
503 989 741 1056 Thermatioam
770 1001 802 1058 et
827 992 904 1056 Ela-

98 1111 112 1156 7
149 1093 262 1156 mitem
268 1116 277 1170 3
301 1092 389 1175 quod
406 1091 555 1158 videlieet
570 1091 738 1160 Oceanum
759 1094 905 1159 similiter

96 1212 111 1258 s
149 1196 258 1283 tangit
284 1195 402 1260 Persas
438 1204 470 1262 et
497 1197 624 1263 Arabas
652 1199 903 1284 Aegyptumque

95 1316 110 1360 9
149 1300 343 1364 inferiorem.
401 1322 421 1363 a
450 1309 541 1384 parte
573 1325 649 1366 vero
677 1301 902 1387 septentrionis

77 1421 110 1467 ro
149 1402 249 1468 habet
262 1402 345 1466 Asia
358 1403 439 1468 fines
451 1401 619 1470 Oceanum
630 1405 798 1473 Senianum
812 1427 903 1469 mon-

76 1525 109 1570 11
148 1515 263 1591 tesqua
294 1506 449 1592 Ripheos.
511 1531 551 1572 ex
588 1509 705 1594 quibus
739 1507 901 1574 montibus

76 1628 109 1674 12
149 1610 313 1700 egreditur
340 1610 456 1676 fluvius
479 1611 615 1694 Tanais,
646 1614 736 1678 ouius
763 1613 902 1698 plurima

75 1732 108 1778 18
147 1715 253 1780 influit
264 1717 297 1780 in
309 1716 414 1780 sinum
424 1714 551 1801 paludis
563 1715 739 1781 Meotidas.
765 1715 900 1802 proinde

74 1835 109 1880 14
147 1828 236 1885 reete
259 1818 371 1884 eadem
392 1820 485 1904 palus
500 1819 600 1884 Asiae
621 1819 695 1886 finis
719 1821 838 1902 existit,
861 1843 899 1884 eo

72 1936 107 1984 15
147 1923 235 2008 quod
264 1923 383 1988 Tanais
416 1925 500 1988 inter
528 1923 642 1988 Asiam
676 1933 709 1989 ot
735 1924 900 2009 Europam

72 2042 107 2086 ro
147 2027 273 2092 dividit.

71 2148 106 2194 17
176 2129 249 2199 121·
300 2131 369 2196 Alii
400 2139 507 2196 autem
540 2132 715 2218 incongrue
744 2133 900 2196 falluntur

71 2251 107 2297 18
145 2236 343 2300 affirmantes
370 2233 503 2300 fluvium
524 2233 641 2315 Fusio,
672 2235 727 2318 qui
750 2233 790 2298 de
814 2231 899 2299 Cau-

182 2539 275 2585 eodieea
287 2537 335 2600 bfo.
510 2563 515 2574 ι
616 2535 717 2597 cfdtaa
732 2538 861 2596 11151q.

147 2680 160 2724 1
189 2684 245 2724 anta
261 2677 320 2724 Asia
342 2675 397 2722 add.
420 2676 547 2723 terminum
571 2677 614 2722 afr.
634 2682 658 2723 et
676 2691 710 2724 as.
732 2676 754 2734 b,
782 2677 897 2723 terminus

143 2750 234 2796 afrIoaa
256 2754 280 2794 et
297 2761 399 2806 europae
426 2762 447 2794 o.
492 2747 502 2793 ΙΙ
545 2751 663 2804 eremum]
687 2749 801 2794 erectium
825 2753 849 2794 et
869 2745 896 2809 f,

143 2821 234 2866 ereieii‘r
252 2824 276 2865 et
293 2835 314 2876 v,
343 2819 429 2868 ereitifi
451 2818 473 2863 b.
547 2820 560 2863 2
589 2818 737 2872 Dimericael
760 2816 853 2864 dim’ice
869 2816 895 2877 f.

144 2893 160 2938 3
190 2891 354 2937 tantummodo
372 2896 454 2936 nostro
466 2887 493 2947 f.
560 2889 574 2934 5
603 2903 732 2935 occeanum
751 2886 786 2948 bf.
813 2889 823 2934 ΙΙ
848 2894 896 2934 ter·

143 2962 207 3007 ciam
228 2959 253 3022 f.
328 2963 341 3006 7
370 2973 500 3006 occeanum
528 2958 561 3019 tf.
634 2961 648 3005 8
676 2965 701 3005 at
727 2961 836 3005 omittant
860 2957 895 3019 bf.

142 3032 153 3078 ΙΙ
166 3031 364 3092 Aegyptumque!
392 3032 516 3091 Egyptum
538 3044 632 3089 quoque
653 3029 679 3090 f.
754 3032 785 3076 10
812 3043 895 3076 occea-

142 3117 201 3149 num
220 3101 255 3164 bs.
319 3104 350 3149 11
377 3103 450 3149 rifeos
470 3099 504 3160 bf.
570 3103 600 3146 12
628 3101 723 3148 thanais
741 3115 762 3147 o.
799 3100 809 3146 ΙΙ
842 3100 896 3160 plu-

141 3175 217 3220 rimos
228 3172 254 3233 f,
283 3187 338 3231 pars
351 3173 455 3234 plurima
470 3173 530 3218 Rau.
587 3173 617 3218 13
636 3171 766 3230 paladist.
795 3171 805 3217 ΙΙ
830 3185 895 3218 meo-

142 3246 193 3290 tide
205 3243 231 3305 f.
298 3245 329 3289 14
357 3245 439 3292 extitit
456 3258 478 3289 v.
547 3243 577 3288 11
606 3247 692 3302 tanays
704 3242 731 3304 f,
759 3244 854 3290 thanais
871 3259 894 3289 a.

145 3317 176 3362 17
205 3316 336 3374 incongruo
349 3314 374 3376 f.
453 3316 483 3360 18
512 3315 569 3362 fasIt
587 3315 608 3373 b,
637 3315 714 3361 sesain
732 3328 754 3361 v.

693 3393 739 3437 ³5⁸
