2242 3838
89 329 174 378 IVS

113 501 126 545 1
324 476 439 542 Zurbis

112 603 130 646 2
324 581 548 666 Plutinopolis.

67 686 70 691 ’
112 707 130 750 a
216 685 306 749 Inter
334 707 410 750 vero
439 685 588 749 Traciam
616 685 666 748 vel
695 684 921 751 Macedoniam
976 713 978 719 ’

112 811 131 853 4
173 797 206 854 et
225 789 369 876 Mysiam
391 788 573 853 inferiorem
596 787 690 852 modo
706 789 841 875 Bulgari
864 790 921 854 ha-

114 913 132 958 s
172 891 289 973 bitant,
312 893 368 976 qui
391 915 430 955 ex
453 914 550 976 supra
571 893 692 977 scripta
706 893 825 957 maiore
840 891 921 979 Scy-

114 1016 132 1060 s
170 997 238 1060 thia
253 997 377 1082 egressi
392 1004 476 1060 sunt.
523 996 597 1078 quia
612 995 863 1081 Marcianopolis
880 1021 920 1062 ex

115 1120 133 1163 7
170 1099 281 1184 Mysia
303 1099 454 1164 inferiore
470 1099 618 1183 pertinet,
641 1107 678 1162 ut
691 1107 829 1163 testatur
843 1101 921 1164 mihi

115 1222 134 1266 s
170 1204 357 1268 multotiens
373 1200 478 1265 dictus
496 1199 643 1266 Iordanis
658 1204 921 1293 cosmographus,
996 1285 999 1290 Ι

117 1322 132 1365 a
170 1327 318 1370 asserens
346 1303 433 1389 quod
461 1305 564 1389 ipsam
586 1305 854 1390 Marcianopolim
877 1308 922 1370 ci-

62 1411 65 1416 '
95 1427 131 1471 10
168 1409 302 1472 vitatem
331 1409 491 1473 Traianus
522 1407 695 1492 imperator
726 1431 784 1492 pro
813 1433 920 1474 amore

97 1533 130 1578 11
169 1510 316 1576 Marciae
346 1511 464 1576 sororis
494 1532 571 1574 suae
599 1510 811 1577 aedificasset.
862 1536 921 1598 per

99 1636 129 1679 ra
171 1637 266 1698 quam
276 1614 545 1699 Marcianopolim
556 1614 661 1679 medio
672 1615 788 1680 transit
803 1615 919 1681 fluvius

97 1740 128 1784 ra
170 1720 225 1801 qui
249 1717 369 1782 dicitur
390 1718 546 1782 Potamia.

96 1841 128 1885 14
203 1822 233 1888 7.
280 1821 403 1886 Iterum
425 1831 590 1906 ponuntur
611 1821 739 1906 Mysiae
762 1821 856 1904 duae,
885 1822 919 1887 id

96 1946 127 1990 15
171 1934 220 1989 est
231 1927 363 1989 inferior
378 1933 411 1989 et
421 1926 575 2010 superior.
621 1947 700 2008 quas
718 1927 838 2009 patrias
849 1927 921 2011 plu-

173 2185 184 2226 1
213 2181 301 2226 Zirinis
324 2179 389 2239 rat,
417 2183 545 2251 Ζειρηνία
563 2183 644 2240 Steplt.
673 2167 687 2179 '⁶
718 2183 731 2226 2
762 2180 919 2240 Plotinopolis

170 2252 234 2308 aditi,
262 2251 411 2310 Plotinopoli
434 2254 489 2297 Ant.
514 2259 536 2298 et
557 2253 612 2298 Tab.
685 2255 699 2298 3
728 2265 784 2297 vero
808 2253 869 2296 inter
894 2252 918 2298 C.

170 2323 264 2368 iltratir‘r
291 2323 347 2378 AB,
383 2322 509 2368 Thraciam
536 2323 600 2368 aditi.
636 2323 646 2369 ΙΙ
679 2323 861 2369 machedoniam
894 2321 918 2370 G.

171 2395 186 2438 4
214 2394 306 2438 misiam
334 2394 366 2448 A,
403 2389 518 2438 missiam'
538 2391 562 2440 C.
595 2394 604 2438 ΙΙ
634 2393 732 2452 Bulgari
763 2405 807 2438 om.
831 2392 919 2438 Porci.

171 2465 185 2510 5
213 2466 256 2519 ax]
281 2464 311 2508 de
340 2461 364 2509 θ.
392 2464 402 2509 ΙΙ
426 2464 513 2510 maiori
541 2463 566 2510 0.
591 2464 600 2508 ΙΙ
625 2465 712 2510 sicthia
735 2465 763 2520 A,
791 2465 871 2523 sythia
888 2464 918 2508 B.

171 2537 185 2579 t
214 2536 271 2593 quia
287 2534 472 2593 Marcianopolis
489 2553 523 2562 ·-
542 2537 572 2580 13
592 2535 714 2590 Potamia}
737 2537 825 2580 rectius
845 2548 920 2592 poue-

170 2611 253 2650 reutur
265 2604 317 2650 187
336 2604 369 2649 17
380 2611 438 2663 post
448 2603 549 2651 Gavilis.
604 2607 618 2650 6
639 2607 707 2664 quial
719 2607 759 2662 qui
770 2606 799 2650 ab
809 2607 838 2662 A,
858 2619 919 2663 quae

170 2675 234 2721 aditi.
265 2676 274 2719 ΙΙ
304 2675 486 2734 martionopolis
501 2676 526 2733 A,
546 2675 712 2735 martinopolis
731 2677 810 2734 [corr.
827 2690 868 2733 pr.
887 2690 918 2720 m.

169 2745 368 2806 martioncpolis)
387 2746 416 2802 B,
443 2746 626 2805 Martianopolis
645 2747 708 2792 editi.
770 2749 783 2792 7
804 2747 873 2791 misia
890 2748 918 2803 A,

170 2818 246 2876 misya
260 2815 284 2862 0.
302 2816 312 2862 ΙΙ
329 2818 434 2863 inferiori
443 2818 564 2875 pertinent
574 2817 598 2864 0.
617 2817 627 2863 ll
644 2817 717 2863 michi
729 2819 757 2862 A.
798 2818 813 2862 8
832 2815 919 2862 multo·

170 2889 234 2933 ciens
243 2886 291 2945 AC,
310 2887 431 2934 multoties
443 2887 507 2933 editi.
527 2887 537 2933 ΙΙ
554 2889 670 2945 Iordanis]
685 2888 713 2932 de
722 2887 772 2932 reb.
784 2887 834 2932 Get.
854 2888 919 2931 c.16

166 2972 193 3016 p.
205 2957 253 3004 634
269 2958 336 3004 Grot.
378 2959 392 3003 9
411 2958 604 3018 martianopolim
617 2959 660 3004 AB
674 2958 738 3004 editi.
757 2957 767 3003 ll
783 2958 919 3013 civitatem]

171 3029 218 3074 cini
236 3030 265 3074 B.
328 3031 359 3076 10
387 3030 494 3076 troianus
515 3028 539 3075 O.
604 3032 634 3075 11
663 3029 780 3085 Marciae]
798 3029 871 3074 matie
890 3031 918 3074 A.

174 3099 430 3158 lamncianopili13‚
450 3100 644 3158 martianopolim
663 3101 683 3144 A
702 3098 766 3144 editi.
824 3101 853 3145 13
873 3099 919 3144 Po-

170 3171 256 3226 tamia}
270 3170 358 3215 flumen
422 3171 516 3216 Potami
529 3175 687 3229 cognomento
699 3169 821 3216 Iordanes.
840 3169 849 3215 ll
862 3177 920 3228 post

171 3241 279 3287 Potamia
307 3238 326 3286 0
351 3241 418 3286 addit
448 3243 477 3286 de
506 3242 584 3301 misya
610 3241 716 3287 inferiori
743 3246 768 3286 et
795 3241 918 3299 superiori.

174 3312 205 3356 14
232 3310 334 3366 lterum]
355 3311 514 3363 itemjternm
533 3311 557 3358 C.
586 3313 594 3356 ΙΙ
620 3313 688 3358 misle
707 3311 757 3368 AB,
781 3312 856 3371 mysie
878 3310 901 3356 C.
