2314 3840
461 345 610 381 rasuramo.
650 391 653 395 ¹
906 349 946 389 xv

110 499 148 556 et
179 491 382 556 coniecturis
410 489 595 576 indulgere,
625 511 707 574 quae
733 489 818 554 ultro
842 493 944 559 cuivis

112 624 192 668 sese
215 602 368 666 offerunt.

164 825 368 891 Ravennatis
396 823 515 889 librum
543 848 608 890 non
638 848 678 888 ex
707 823 860 892 Guidone
888 851 943 893 ex·

115 949 271 1026 cerptum
293 959 375 1019 esse,
402 937 514 1001 multis
540 945 636 1019 atque
659 937 837 1003 manifestis
859 939 943 1005 indi-

116 1054 181 1118 ciis
203 1059 305 1138 patet.
349 1050 522 1116 Ravennae
545 1049 630 1112 enim
652 1047 752 1113 totius
775 1048 862 1114 orbis
885 1050 942 1116 de·

116 1165 332 1250 scriptionem
357 1161 451 1227 nobis
479 1161 646 1245 proponit:
676 1169 828 1243 quattuor
856 1163 941 1247 prio-

116 1276 211 1341 ribus
236 1274 328 1340 libris
350 1274 482 1353 Asiam,
510 1271 672 1352 Africam,
700 1271 865 1358 Europam
888 1296 941 1340 oo-

117 1389 211 1474 piose
240 1395 377 1468 tractat,
405 1384 487 1449 libro
516 1384 630 1466 quinto
657 1383 815 1469 periplum
844 1387 940 1451 maris

119 1499 231 1586 magni
253 1499 274 1562 i.
292 1521 319 1561 e.
342 1495 568 1562 mediterranei
590 1504 776 1560 accuratum
800 1496 940 1580 exhibet,

119 1611 264 1697 amplum
287 1609 425 1693 denique
447 1607 626 1671 matularum
647 1627 815 1672 recensum
838 1607 938 1674 addit.

118 1721 232 1787 Guido
255 1731 362 1786 autem
384 1719 513 1784 nonnisi
534 1717 665 1800 Italiae,
695 1715 835 1802 Siciliae,
863 1717 940 1786 Sar-

117 1834 238 1916 diniae,
265 1831 417 1910 Corsicae
439 1829 726 1913 adumbrationem,
749 1855 789 1909 er
811 1831 940 1898 Raven-

116 1946 198 2027 nati,
213 1943 337 2026 Solino,
351 1944 455 2009 Paulo
465 1943 616 2007 Diacono
632 1953 793 2028 sumptam
805 1967 844 2010 ao
855 1946 938 2010 maie

115 2056 280 2144 digestam
301 2055 445 2141 praebet,
468 2055 521 2119 oui
542 2055 683 2140 periplus
706 2057 802 2120 maris
820 2057 938 2122 interni

116 2177 151 2234 et
172 2167 282 2233 brevis
308 2168 423 2232 notitia
445 2166 485 2230 de
507 2165 626 2230 finibus
648 2167 765 2250 Asiae,
794 2169 936 2252 Africae,

114 2280 268 2366 Europae
291 2279 539 2366 subiunguntur.
577 2279 708 2362 quaein
723 2281 815 2344 initio
830 2282 935 2366 operis

114 2415 149 2478 p.
160 2393 225 2460 452
242 2394 300 2459 v.1
325 2389 413 2456 haud
428 2399 606 2476 opportune
620 2390 773 2477 leguntur
789 2389 936 2472 „Quodsi

115 2503 282 2570 studiosus
304 2504 426 2582 11111101*ις
451 2513 524 2585 etc,
547 2527 585 2568 ea
606 2505 673 2569 fere
696 2502 738 2567 ad
752 2503 886 2568 verbum
901 2505 935 2568 in

114 2616 334 2702 descriptione
361 2615 458 2680 maris
486 2638 518 2700 p.
533 2616 598 2682 504
620 2639 650 2678 v.
668 2616 707 2682 14
735 2623 933 2700 repetuntur.

114 2729 148 2792 in
170 2730 263 2794 initio
287 2725 417 2812 quidem
437 2725 512 2791 libri
526 2725 626 2792 verba
640 2727 696 2791 illa
720 2749 934 2810 „quamquam

114 2863 168 2906 eas
199 2841 264 2905 iam
295 2841 329 2904 in
362 2840 499 2925 propriis
532 2840 652 2923 patrias
681 2840 930 2905 nominaverim“

114 2973 211 3017 sensu
235 2962 363 3034 carent,
393 2950 479 3036 apud
501 2949 722 3016 Ravennatem
744 2960 851 3016 autem
873 2973 932 3017 suo

113 3063 184 3136 loco
198 3065 308 3150 posita
323 3074 399 3130 sunt
414 3065 518 3150 p.325
542 3089 572 3129 v.
585 3065 615 3132 9.
643 3065 693 3132 10.

156 3173 352 3241 Sanctorum
380 3187 413 3243 et
434 3186 611 3264 martyrum
639 3177 850 3258 mentionem,
879 3200 931 3241 ur-

112 3287 201 3355 bium
223 3289 408 3357 nominibus
424 3291 477 3357 hio
491 3291 558 3355 illic
574 3314 594 3354 a
608 3287 760 3355 Guidone
776 3287 930 3373 additam,
