2314 3840
87 277 163 335 114.
466 333 468 346 ,
622 317 628 324 ,
888 281 924 333 aa

113 445 128 490 1
171 420 250 486 dum
279 419 339 486 tibi
367 443 465 506 super
492 421 613 488 iudicia
642 423 783 488 iustitiae
810 431 921 504 tuae;“

112 547 128 592 2
171 534 206 589 et
232 525 266 588 in
289 523 399 591 Iudith
429 526 613 590 continetur
640 529 686 592 ita
709 528 924 608 „induxerunt

113 649 129 694 a
170 628 259 692 illam
283 629 366 693 servi
385 625 549 694 Olofernis
572 631 606 694 in
628 629 870 696 tabernaculum
892 643 924 698 et

113 746 131 796 4
168 723 323 796 ¹dormivit
345 753 447 815 usque
463 731 505 796 ad
520 733 658 798 mediam
673 738 831 799 noctem.“
867 735 924 800 sed

115 855 130 900 a
172 844 204 899 et
227 843 340 898 auctor
366 836 452 900 vitae
475 833 625 903 Christus
656 837 709 902 dei
736 839 821 903 filiun
845 837 923 904 deus

115 955 131 1000 c
171 947 282 1003 noster
303 939 505 1024 omnipotens
528 941 561 1004 in
582 941 744 1026 parabolis
760 964 853 1007 suum
866 965 924 1028 per

117 1057 131 1102 7
172 1043 334 1126 eloquium
357 1043 403 1106 ait
427 1041 553 1124 „media
573 1055 669 1109 nocte
686 1045 805 1109 clamor
819 1046 923 1111 iactus

117 1161 132 1204 8
172 1155 232 1227 est,
247 1167 324 1210 ecce
342 1167 479 1231 sponsus
495 1148 594 1230 venit,
617 1149 703 1214 exite
718 1147 847 1214 ob'viam
862 1150 922 1212 ei.“

117 1265 148 1310 9·
171 1274 246 1314 nam
262 1259 294 1314 et
309 1250 342 1313 in
354 1248 494 1314 Actibus
510 1252 728 1335 apostolorum
744 1254 925 1318 continetur

98 1369 133 1414 1o
173 1352 300 1436 „media
321 1362 418 1418 nocte
439 1353 582 1418 Paulus“
607 1378 736 1439 quoque
764 1365 817 1436 „et
839 1353 923 1422 Silas

98 1473 131 1518 11
171 1457 342 1523 adorantes
369 1455 546 1520 laudabant
573 1456 761 1522 dominum“
791 1467 823 1523 et
850 1460 925 1524 reli·

98 1579 132 1625 11
172 1584 244 1645 qua.
290 1568 323 1625 et
346 1561 374 1626 si
396 1559 511 1643 aliquis
534 1559 652 1625 dixerit
667 1561 743 1645 quia
756 1585 822 1626 non
836 1585 924 1628 rece-

98 1682 132 1728 18
171 1666 254 1750 perit
274 1665 309 1729 in
331 1673 445 1730 sancta
466 1664 628 1749 scriptura
656 1673 748 1728 sexta
772 1666 824 1730 vel
846 1689 924 1751 qua-

98 1785 133 1832 14
170 1768 250 1833 libet
259 1769 340 1832 hora
351 1789 416 1831 una
426 1790 467 1830 ex
478 1766 649 1832 duodecim
657 1767 806 1832 horarum
819 1772 923 1836 noctis

98 1889 131 1934 15
171 1871 356 1957 supputatio
378 1871 441 1935 nisi
461 1869 686 1936 tantummodo
708 1871 814 1936 media
828 1883 922 1952 nocte

99 1996 132 2042 16
171 1982 208 2038 ut
228 1974 408 2060 praefatum
429 1983 480 2038 est
500 1975 669 2038 asseritur:
693 1973 735 2038 ad
757 1997 852 2058 quem
873 1999 923 2041 re·

1 2105 12 2130 ³·
97 2099 132 2144 11
172 2077 377 2163 spondemus,
406 2075 569 2161 quomodo
591 2099 762 2162 possumus
785 2077 923 2144 mediam

1 2184 2 2208 i
97 2202 131 2248 18
172 2202 366 2268 cognoscere
388 2190 535 2262 noctem,
562 2181 624 2244 nisi
655 2180 923 2262 quemadmodum

2 2361 3 2368 ἵ
97 2304 131 2349 19
169 2307 228 2369 per
249 2293 374 2350 sextam
395 2285 507 2349 horam
536 2283 783 2348 determinavit?
816 2285 863 2350 ita
891 2295 923 2350 et

96 2409 132 2454 ro
170 2387 397 2473 sapientissimi
413 2389 475 2452 viri
497 2387 648 2474 prudenti
671 2387 803 2452 arbitrio
818 2387 924 2454 media

97 2513 131 2558 21
169 2514 235 2556 nox
257 2491 309 2556 vel
331 2500 424 2556 sexta
445 2491 525 2556 hora
546 2491 628 2556 bene
657 2492 860 2574 aestimatur,
890 2502 922 2558 et

171 2681 184 2725 1
213 2667 307 2726 iusticie
325 2679 355 2724 Β.
410 2679 425 2724 2
450 2679 597 2737 continetA,
616 2680 737 2725 cotinetur
748 2677 778 2722 B.
834 2678 848 2724 3
872 2678 923 2723 Ho-

169 2750 268 2796 lofernis
292 2750 356 2796 editi.
448 2751 461 2796 5
487 2755 511 2796 et
534 2763 578 2794 om.
598 2749 627 2806 Β,
639 2749 704 2795 editi.
797 2749 810 2794 7
844 2749 923 2794 media

169 2827 240 2867 nocte
268 2819 370 2877 clamor}
397 2819 486 2866 Matar.
516 2820 548 2866 25
572 2821 597 2866 6.
713 2821 727 2865 9
757 2819 864 2864 continet
884 2821 921 2865 ’.4.

171 2892 203 2937 10
230 2892 310 2937 media
326 2889 590 2947 noctePnulusliActo
602 2893 686 2950 Δροσί.
703 2891 736 2935 16
756 2889 798 2934 26.
818 2890 827 2935 1
847 2887 920 2947 Silas}

168 2961 244 3008 siluas
261 2963 290 3007 A.
337 2963 367 3008 11
395 2963 521 3020 receperit}
538 2962 654 3022 reperitur
672 2961 738 3007 editi.
786 2962 816 3006 13
844 2964 922 3018 sexta}

170 3033 236 3091 quod
253 3037 323 3079 sexta
344 3032 410 3078 editi.
475 3032 506 3078 lt
534 3037 629 3078 tanturn
654 3032 719 3087 editt.
780 3032 811 3076 16
839 3035 920 3090 queml

170 3117 216 3160 quc
233 3103 264 3148 B.
319 3103 369 3149 -17
397 3115 541 3162 cognoscem
560 3103 663 3148 mediam
685 3102 749 3148 editi.
822 3103 858 3148 19,
882 3103 922 3148 de-

170 3173 338 3220 terminabitur
359 3173 424 3220 editi.
488 3175 520 3220 11
549 3174 622 3230 bene]
646 3174 738 3219 habens
756 3173 788 3230 A,
816 3173 874 3220 bens
892 3174 920 3218 B.

169 3245 180 3289 11
194 3245 325 3292 extimetm·
341 3244 392 3302 AB,
411 3247 452 3304 qui
469 3243 524 3291 aliie
542 3243 602 3290 locis
620 3245 730 3290 estimare
749 3242 842 3289 tabent.

757 3328 770 3366 ³
