2256 3836
231 315 266 370 68

252 487 264 530 1
451 463 614 527 Praetoris

251 593 265 636 a
451 565 638 630 Peratitam.

252 695 266 739 a
390 671 455 734 Per
477 691 573 753 quam
596 667 859 753 spatiosissimam
881 665 1059 731 Persarum

251 797 267 842 4
303 776 573 862 Assyriorumque
587 772 724 857 patriam
737 779 906 835 transeunt
915 770 1059 855 plurima

252 902 265 947 5
303 879 445 960 flumina,
467 878 551 941 inter
575 884 681 940 cetera

454 978 660 1064 Ydaspisaris

456 1081 652 1148 Gimandros

456 1185 581 1271 Ypanis

454 1289 638 1353 Penootrox

455 1393 575 1457 Tionas

456 1483 618 1562 Marimia.

239 1621 269 1664 12
339 1598 391 1667 12.
430 1599 513 1663 Item
527 1601 618 1664 iuxta
632 1623 729 1685 supra
743 1599 895 1684 scriptam
908 1599 1060 1683 patriam,

239 1726 270 1770 13
307 1726 402 1786 quam
426 1702 565 1768 diximus
588 1702 743 1783 Mediam,
766 1701 910 1766 diversae
932 1725 1061 1786 ponun-

239 1829 271 1873 14
307 1816 360 1870 tur
373 1807 507 1890 patriae,
530 1807 564 1871 id
579 1816 628 1872 est
642 1806 798 1870 Armenia
812 1806 913 1869 maior
927 1806 1061 1887 Ararat,

240 1931 270 1976 15
309 1909 343 1973 id
366 1918 415 1973 est
436 1911 532 1974 tertia
555 1921 586 1974 et
610 1918 739 1994 quarta,
767 1911 845 1972 item
867 1908 973 1993 patria
994 1909 1061 1972 Ar-

241 2036 271 2080 16
308 2013 413 2077 menia
435 2013 552 2093 maior,
581 2013 615 2076 id
645 2022 694 2078 est
720 2013 824 2097 prima
838 2020 883 2082 ,et
905 2011 1061 2093 secunda,

241 2139 271 2183 17
309 2118 385 2180 item
407 2116 511 2201 patria
533 2114 642 2181 Siania
657 2114 887 2196 Cauousorum,
909 2115 988 2178 item
1002 2139 1062 2200 pa-

240 2241 272 2286 18
308 2221 371 2284 tria
386 2218 537 2300 Albania,
552 2219 629 2282 item
643 2221 747 2305 patria
761 2220 966 2306 Masageton,
981 2219 1062 2284 item

241 2345 272 2388 19
308 2324 413 2409 patria
436 2319 583 2406 Caspiae,
606 2322 682 2386 item
704 2323 808 2407 patria
828 2323 954 2407 Lepon,
981 2323 1062 2387 item

241 2447 272 2491 ao
308 2427 413 2512 patria
428 2424 544 2506 Iberia,
567 2425 643 2488 item
657 2426 762 2510 patria
775 2425 945 2490 Lazorum.
977 2449 1062 2509 quae

241 2547 271 2592 21
308 2530 430 2615 patriae
453 2529 536 2593 infra
558 2551 591 2592 se
614 2527 733 2593 habent
762 2527 904 2594 diversas
930 2532 1063 2615 provin-

312 2716 324 2760 1
353 2716 456 2774 pretoria
473 2716 502 2772 B,
522 2698 603 2762 Biiuts
621 2712 709 2777 (prope
727 2713 840 2779 Coacon)
863 2715 936 2762 ΤαΜ
983 2717 996 2760 2
1017 2729 1062 2776 pa-

310 2786 355 2831 titi
372 2786 401 2840 B,
421 2787 540 2844 peratitan
558 2786 585 2840 Α,
605 2785 710 2833 Paratita
727 2786 791 2832 editi.
864 2788 880 2832 4
906 2785 1062 2845 Assyriorum

311 2855 375 2902 editi.
447 2859 460 2901 7
490 2855 640 2916 Gymandros
658 2857 722 2903 editi.
797 2859 811 2904 8
839 2857 936 2917 yspania
953 2857 977 2902 B
994 2858 1062 2904 editi.

313 2927 344 2972 10
375 2926 477 2982 Tionasl
506 2925 539 2986 cs.
558 2927 591 2972 67
611 2927 653 2974 10.
762 2929 793 2974 12
825 2941 897 2987 supra
924 2941 967 2972 om.
994 2929 1061 2974 aditi.

313 2997 344 3042 13
376 3000 462 3054 quam]
487 3009 547 3054 quae
565 3000 594 3044 A.
703 2998 734 3044 14
761 2997 886 3054 Armenia}
906 3011 1013 3044 arreama
1031 3000 1061 3056 B,

311 3079 404 3113 aroanna
415 3069 443 3114 A.
500 3069 653 3119 15armenie
667 3070 695 3126 A,
714 3071 818 3116 armonia
830 3070 860 3120 B.
916 3070 947 3114 16
971 3071 1061 3126 maior]

311 3139 378 3182 immo
397 3139 481 3184 minor.
546 3140 575 3182 17
605 3138 698 3196 Sinniu]
718 3139 792 3186 Suani
814 3139 886 3186 ΤαΜ
950 3141 981 3186 18
1010 3155 1062 3186 ma-

310 3213 409 3266 sagaton
436 3208 458 3254 B
485 3208 550 3256 aditi.
659 3213 689 3258 19
717 3210 813 3270 Lepon]
841 3210 954 3270 Lupones
987 3211 1061 3257 Tau?

312 3279 343 3324 ‘20
371 3279 454 3338 yberia
471 3279 493 3324 Β
511 3279 574 3325 editi.
