2256 3836
229 277 283 331 138

448 421 639 490 Corniclano

450 527 594 592 Anaucis

448 630 723 715 Arephilenorum.

343 733 407 798 Per
436 755 532 816 quam
557 733 692 818 patriam
719 742 887 800 transeunt
907 735 1049 818 plurima

299 835 441 918 flumina,
461 837 545 902 inter
567 844 674 904 cetera
695 858 777 919 quae
799 835 952 905 dicuntur

447 939 539 1006 Leon
561 949 593 1004 et

249 1071 263 1115 ι
449 1043 576 1110 Torres.

248 1174 263 1218 a
332 1145 425 1216 5Ι
426 1155 492 1212 tem
512 1147 603 1212 iuxta
617 1143 784 1214 Oceanum
797 1149 928 1232 ponitur
941 1149 1049 1233 patria

249 1278 263 1322 a
300 1273 381 1334 quae
404 1249 521 1316 dicitur
543 1249 716 1367 Aethiopia
736 1249 897 1318 Biboblat
874 1259 935 1332 trs,
962 1273 1048 1335 quae

233 1381 263 1426 to
300 1353 478 1420 confinatur
500 1373 572 1420 cum
595 1353 740 1437 superius
763 1353 851 1420 diota
872 1354 1049 1440 Aethiopia

233 1483 262 1528 11
300 1455 551 1523 Garamantium
596 1456 630 1520 in
653 1477 717 1540 qua
737 1456 917 1524 Biboblatis
940 1459 1049 1544 patria

233 1585 263 1631 ιι
301 1571 350 1626 est
371 1562 461 1626 lacus
484 1559 538 1643 qui
561 1557 678 1624 dicitur
699 1561 839 1648 Tagges.
885 1585 967 1645 quae
989 1585 1048 1648 pa-

233 1689 263 1734 ra
299 1665 362 1730 tria
389 1663 465 1728 dum
494 1663 574 1727 mult
561 1671 628 1727 tum
651 1663 733 1730 exist
719 1664 760 1729 tit
787 1685 954 1746 caumosa,
983 1666 1047 1751 ipsi

233 1793 265 1836 14
299 1750 409 1832 Mauri
432 1788 583 1832 cavernas
606 1775 709 1830 terrae
731 1766 887 1834 habitant.
924 1769 959 1832 in
982 1790 1048 1852 qua

148 1875 151 1880 ’
234 1897 263 1941 1s
299 1880 354 1956 pat
355 1871 402 1935 ria
422 1871 498 1936 litus
514 1866 681 1937 Oceanum
703 1872 854 1954 atquem
875 1872 1047 1956 superiori-

149 2043 154 2055 ,
233 2000 263 2044 16
300 1973 360 2040 bus
383 1976 556 2040 maximum
578 1983 674 2056 atque
702 1975 968 2059 spatiosissimum
991 1974 1047 2040 de·

233 2104 264 2149 17
300 2087 420 2143 sertum
449 2100 518 2142 esse
547 2076 747 2143 describitur.
790 2079 826 2144 in
854 2100 917 2161 qua
941 2079 1048 2162 patria

233 2205 264 2250 la
301 2190 376 2246 sunt
398 2191 522 2246 montes
545 2181 601 2264 qui
623 2179 774 2246 dicuntur
787 2179 975 2246 Tuliamdi.
1012 2182 1047 2249 in

233 2309 264 2354 19
301 2307 365 2368 qua
385 2285 489 2370 patria
510 2308 574 2349 non
589 2285 686 2371 longe
700 2282 741 2348 ab
757 2280 889 2352 Oceano
904 2308 962 2370 per
977 2286 1048 2350 lon-

249 449 261 492 1

248 553 262 596 2

248 654 263 700 8

53 782 137 818 x„
248 759 264 804 4

249 864 262 909 5

249 969 263 1014 6

304 2478 315 2522 1
336 2473 480 2522 Oorniclauu
501 2475 564 2532 Tan,
584 2472 753 2522 Corniclanum
771 2473 790 2519 V
805 2474 829 2520 6.
863 2515 869 2526 s
888 2474 903 2520 2
922 2473 1047 2522 Anabucis

301 2546 357 2592 editi
374 2551 401 2591 at
417 2544 468 2590 Vc
493 2560 544 2590 cum
565 2545 733 2590 15511151.
805 2545 819 2591 3
847 2543 1048 2604 Arephileuorum

301 2619 371 2664 ctiam
390 2616 439 2661 140
459 2618 473 2662 1
494 2622 516 2662 ct
537 2615 600 2673 155,
629 2614 829 2675 arephylonorum
846 2616 885 2674 Β,ι
909 2614 973 2662 Arae
991 2616 1048 2662 Phi-

300 2689 422 2736 laenorum
441 2687 498 2732 aditi
517 2701 568 2734 cam
579 2685 702 2743 Sallustio,
721 2685 910 2745 Arepelouorum
924 2686 979 2744 Vc,
1001 2689 1048 2736 Φι-

301 2755 401 2810 λαίνων
417 2760 510 2824 βωμοί
531 2757 619 2803 Strabo
639 2763 661 2804 at
679 2755 730 2802 alii.
802 2757 816 2802 6
840 2757 920 2814 Leon]
943 2757 1047 2815 Lethon,

301 2831 404 2887 Lathon,
431 2829 516 2876 Ladon
538 2827 601 2874 aliia.
666 2829 679 2872 7
703 2833 761 2886 poet
778 2827 862 2874 Turres
887 2826 906 2874 0
926 2827 996 2874 addit
1019 2829 1048 2874 dc

303 2901 410 2959 ethiopia
427 2899 567 2946 biblobatis.
605 2899 618 2944 9
637 2897 770 2946 biblcbatis
787 2895 830 2944 Bc
846 2898 910 2944 editi.
955 2901 985 2944 11
1006 2912 1048 2958 ga-

302 2971 422 3018 ramandis
439 2971 494 3024 AB,
524 2967 674 3016 Garamantis
702 2969 766 3014 editi.
794 2968 804 3014 ΙΙ
829 2968 962 3016 bihlobatis
986 2968 1050 3016 ABG

303 3041 366 3088 editi.
459 3041 489 3086 12
513 3039 574 3088 licus
594 3040 642 3096 ΑΒ,
671 3037 800 3100 cf.619.
835 3039 845 3086 ΙΙ
879 3039 945 3098 Tage
969 3040 984 3084 6
1005 3040 1046 3088 20.

305 3112 335 3160 15
355 3111 445 3160 Oceani
463 3111 527 3156 editi.
591 3111 622 3156 16
641 3111 761 3158 maximus
778 3115 850 3169 atqua
868 3111 988 3168 spatiosus
1007 3113 1047 3158 de-

302 3188 377 3230 sertus
394 3182 438 3228 AB
457 3182 520 3228 aditi.
578 3181 607 3227 18
628 3181 715 3230 dicitur
726 3184 753 3228 A.
782 3181 791 3228 ΙΙ
816 3179 939 3229 rulliatodi
952 3183 980 3240 A,
1000 3182 1047 3228 Tu-

300 3254 386 3300 liatodi
405 3251 420 3295 7
439 3251 463 3297 3.
