2234 3842
221 315 274 370 548
448 331 450 342 ¹
893 337 973 372 ormo
996 327 1044 372 121

243 489 254 534 1
293 467 395 531 caseis
428 465 591 530 montibus
626 465 790 553 egreditur
823 476 856 533 et
889 469 924 533 in
956 494 1048 535 mare

241 591 255 637 a
292 567 379 652 quod
401 578 451 633 est
473 592 609 656 magnus
637 571 726 635 sinus
749 570 907 638 Ponticus
929 572 1048 653 influit,

240 695 255 740 c
292 674 376 738 inter
402 673 517 737 Asiam
546 683 579 738 et
606 673 771 760 Europam
803 673 964 758 dividere,
1000 675 1048 740 di-

240 799 256 843 1
292 787 402 842 centes
425 774 607 842 Caucaseos
633 797 743 842 secum
766 774 904 863 Caspios
926 781 1049 865 ample·

240 901 255 946 o
292 891 395 963 utere,
422 902 603 966 magnoque
630 881 786 966 perplexu
815 891 849 946 et
875 883 1048 947 intervallo

240 1004 254 1049 o
290 984 419 1050 sibimet
441 982 571 1049 eosdem
585 981 729 1070 Ripheos
750 994 878 1052 montes
892 985 1047 1052 adunare.

240 1107 254 1152 ⁷
291 1087 349 1153 sed
377 1097 414 1152 ut
441 1085 643 1173 praedictum
672 1097 738 1170 est,
772 1087 958 1154 omnimodo
987 1090 1047 1155 fal-

239 1211 254 1256 8
290 1193 418 1257 luntur:
441 1215 516 1256 nam
530 1192 631 1256 Asiae
653 1191 726 1256 finis
749 1190 895 1256 eiusdem
916 1202 1047 1278 septen-

239 1313 254 1357 a
290 1296 436 1360 trionelis
458 1295 574 1382 plagae
589 1294 710 1359 Tanais
733 1305 766 1358 et
780 1294 931 1359 Meotida
952 1297 1045 1381 palus

222 1415 254 1462 10
291 1409 350 1466 est.
389 1399 481 1464 cuius
495 1399 653 1462 immensa
667 1397 842 1463 exundatio
856 1399 891 1462 in
907 1399 1046 1464 eundem

222 1521 252 1565 11
290 1525 443 1590 magnum
472 1503 578 1567 sinum
605 1501 778 1566 Ponticum
804 1504 933 1590 mergit.
991 1505 1045 1588 qui

223 1621 253 1666 m
289 1609 414 1673 Pontus
430 1604 472 1670 ad
487 1605 677 1669 exteriorem
686 1614 811 1692 partem
821 1629 880 1691 per
890 1629 1046 1694 magnum

222 1727 253 1772 13
292 1720 465 1799 angustum
480 1707 568 1792 quod
580 1707 706 1773 Hieron
721 1709 839 1774 dicitur
852 1711 886 1774 in
897 1710 1045 1798 Propon-

222 1829 254 1873 14
289 1815 390 1881 tidem
417 1811 532 1878 influit.
582 1811 797 1898 Propontides
826 1823 935 1879 autem
964 1816 1044 1879 infe-

222 1930 252 1976 15
289 1918 427 1986 rioribus
450 1917 608 2004 angustiis
634 1918 806 1981 terminata
831 1940 867 1982 os
889 1941 1044 2005 magnum

222 2033 253 2076 16
289 2046 377 2088 mare
399 2023 568 2104 sinumque
588 2021 706 2108 mergit
727 2021 926 2103 orientalem,
952 2023 1044 2086 euius

215 2137 252 2181 ¹1⁷
289 2127 443 2192 littoralia
467 2125 549 2190 fines
577 2124 677 2190 Asiae
705 2133 781 2189 sunt
808 2127 1044 2210 septentriona-

221 2243 252 2288 18
290 2233 365 2296 liter
386 2253 444 2316 per
466 2251 523 2293 ora
544 2229 642 2293 maris
664 2229 773 2314 magni
795 2228 964 2315 Aegyptii.
1004 2228 1042 2293 ab

221 2347 253 2392 19
290 2357 409 2400 occasu
431 2341 538 2397 autem
552 2332 653 2396 Asiae
673 2332 753 2396 fines
769 2333 860 2396 iuxta
874 2329 1042 2397 Oceanum

219 2452 252 2496 ao
289 2438 435 2523 superius
457 2444 650 2500 memoratae
671 2435 864 2520 Aethiopiae
885 2436 1042 2524 Teligito·

323 2634 415 2680 codices
432 2630 481 2693 bfo.
731 2631 764 2694 cs.
778 2633 837 2678 Rau.
851 2634 903 2680 115
923 2634 957 2678 13
970 2649 1006 2694 sq.

289 2742 303 2786 1
331 2751 445 2798 magnum
468 2738 547 2784 sinum
567 2737 693 2796 ponticum
720 2735 755 2798 bf.
843 2739 859 2784 4
887 2739 985 2798 capsios
1007 2736 1038 2799 bf.

289 2813 303 2858 6
331 2810 444 2869 rhipheos
463 2808 484 2854 b.
540 2809 553 2853 7
582 2813 619 2854 set
629 2805 656 2868 f.
711 2809 725 2854 9
753 2813 839 2869 tanays
851 2808 877 2869 f,
905 2811 1003 2856 thanais
1019 2824 1038 2855 v.

291 2883 321 2927 10
341 2881 449 2926 inmensa
460 2877 486 2940 f,
505 2879 639 2926 ininmensa
652 2878 674 2924 b.
701 2879 711 2924 u
737 2881 846 2926 eumdem
859 2880 881 2926 b.
932 2882 961 2926 13
984 2881 1039 2926 Hie-

288 2955 344 3008 ron]
363 2953 455 3012 hyeron
467 2947 493 3010 f,
520 2949 664 3009 hychronb,
691 2952 791 3009 irrora,
817 2951 1037 2997 IeroRao.381.
1112 3009 1113 3016 ἵ

291 3025 321 3069 13
344 3023 376 3067 14
411 3022 558 3080 propontide
588 3021 691 3066 influunt
722 3019 756 3081 bs.
814 3023 844 3068 15
878 3023 989 3068 eminata
1018 3037 1035 3067 o.

290 3095 320 3138 17
344 3093 374 3138 18
402 3092 629 3151 septemtrionaliter
645 3106 688 3151 per
704 3093 765 3138 hora
784 3092 805 3137 b.
864 3095 894 3140 18
913 3094 1003 3152 egipcii
1013 3091 1036 3153 s.

290 3165 320 3209 19
349 3177 405 3222 asye
418 3161 443 3224 s.
471 3163 482 3208 t
506 3165 631 3209 occianum
643 3160 669 3222 f,
692 3177 821 3209 occeanum
835 3163 857 3208 b.
911 3165 943 3209 20
961 3165 1038 3210 ethio-

288 3235 325 3292 pie
339 3232 364 3294 f.
414 3234 543 3280 20-549
565 3235 578 3279 2
598 3233 943 3294 Teligitorum-Aethiopiae
960 3249 1034 3280 omo.

288 3305 320 3350 10
339 3303 487 3362 tegilitorum
503 3304 525 3362 h,
548 3303 750 3364 Troglodytorum
769 3306 827 3349 Rue.
1112 3303 1113 3326 ³
