<?xml version="1.0" encoding="UTF-8"?>
<!DOCTYPE html PUBLIC "-//W3C//DTD XHTML 1.0 Transitional//EN"
    "http://www.w3.org/TR/xhtml1/DTD/xhtml1-transitional.dtd">
<html xmlns="http://www.w3.org/1999/xhtml" xml:lang="en" lang="en">
 <head>
  <title>
</title>
<meta http-equiv="Content-Type" content="text/html;charset=utf-8" />
  <meta name='ocr-system' content='tesseract 3.04.00' />
  <meta name='ocr-capabilities' content='ocr_page ocr_carea ocr_par ocr_line ocrx_word'/>
</head>
<body>
  <div class='ocr_page' id='page_1' title='image "./ravennatisanony02ravegoog/ravennatisanony02ravegoog_0473.png"; bbox 0 0 2198 3840; ppageno 0'>
   <div class='ocr_carea' id='block_1_1' title="bbox 233 309 1046 364">
    <p class='ocr_par' dir='ltr' id='par_1_1' title="bbox 233 309 1046 364">
     <span class='ocr_line' id='line_1_1' title="bbox 233 309 1046 364; baseline -0.002 0"><span class='ocrx_word' id='word_1_1' title='bbox 233 309 287 364; x_wconf 77' lang='lat'>440</span> <span class='ocrx_word' id='word_1_2' title='bbox 978 315 1046 362; x_wconf 61' lang='lat' dir='ltr'>Vae</span> 
     </span>
    </p>
   </div>
   <div class='ocr_carea' id='block_1_2' title="bbox 223 457 1048 1062">
    <p class='ocr_par' dir='ltr' id='par_1_2' title="bbox 255 457 1047 544">
     <span class='ocr_line' id='line_1_2' title="bbox 255 457 1047 544; baseline -0.003 -18"><span class='ocrx_word' id='word_1_3' title='bbox 255 482 268 526; x_wconf 91' lang='lat'>1</span> <span class='ocrx_word' id='word_1_4' title='bbox 304 457 444 542; x_wconf 82' lang='lat' dir='ltr'>Ibernia‚</span> <span class='ocrx_word' id='word_1_5' title='bbox 474 482 567 544; x_wconf 81' lang='lat' dir='ltr'>quac,</span> <span class='ocrx_word' id='word_1_6' title='bbox 595 470 633 524; x_wconf 79' lang='lat' dir='ltr'>ut</span> <span class='ocrx_word' id='word_1_7' title='bbox 654 459 778 526; x_wconf 78' lang='lat' dir='ltr'>dictum</span> <span class='ocrx_word' id='word_1_8' title='bbox 800 470 861 542; x_wconf 81' lang='lat' dir='ltr'>est,</span> <span class='ocrx_word' id='word_1_9' title='bbox 891 469 924 524; x_wconf 79' lang='lat' dir='ltr'>et</span> <span class='ocrx_word' id='word_1_10' title='bbox 944 457 1047 526; x_wconf 80' lang='lat' dir='ltr'>Scotie</span> 
     </span>
    </p>

    <p class='ocr_par' dir='ltr' id='par_1_3' title="bbox 255 563 1048 649">
     <span class='ocr_line' id='line_1_3' title="bbox 255 563 1048 649; baseline 0 -20"><span class='ocrx_word' id='word_1_11' title='bbox 255 584 269 629; x_wconf 78' lang='lat'><strong>2</strong></span> <span class='ocrx_word' id='word_1_12' title='bbox 305 563 493 648; x_wconf 80' lang='lat' dir='ltr'>appellatur.</span> <span class='ocrx_word' id='word_1_13' title='bbox 524 563 615 628; x_wconf 84' lang='lat' dir='ltr'>cuius</span> <span class='ocrx_word' id='word_1_14' title='bbox 630 572 705 648; x_wconf 77' lang='lat' dir='ltr'>post</span> <span class='ocrx_word' id='word_1_15' title='bbox 718 571 822 649; x_wconf 79' lang='lat' dir='ltr'>terga,</span> <span class='ocrx_word' id='word_1_16' title='bbox 836 572 873 628; x_wconf 78' lang='lat' dir='ltr'>ut</span> <span class='ocrx_word' id='word_1_17' title='bbox 888 564 950 628; x_wconf 80' lang='lat' dir='ltr'>iem</span> <span class='ocrx_word' id='word_1_18' title='bbox 963 585 1048 649; x_wconf 84' lang='lat' dir='ltr'>prae-</span> 
     </span>
    </p>

    <p class='ocr_par' dir='ltr' id='par_1_4' title="bbox 254 665 1048 752">
     <span class='ocr_line' id='line_1_4' title="bbox 254 665 1048 752; baseline -0.004 -18"><span class='ocrx_word' id='word_1_19' title='bbox 254 687 269 734; x_wconf 77' lang='lat'><em>8</em></span> <span class='ocrx_word' id='word_1_20' title='bbox 304 666 461 749; x_wconf 83' lang='lat' dir='ltr'>misimus,</span> <span class='ocrx_word' id='word_1_21' title='bbox 481 667 570 731; x_wconf 86' lang='lat' dir='ltr'>nullo</span> <span class='ocrx_word' id='word_1_22' title='bbox 590 665 686 750; x_wconf 66' lang='lat' dir='ltr'>modo</span> <span class='ocrx_word' id='word_1_23' title='bbox 702 665 789 752; x_wconf 85' lang='lat' dir='ltr'>apud</span> <span class='ocrx_word' id='word_1_24' title='bbox 803 667 948 733; x_wconf 83' lang='lat' dir='ltr'>homines</span> <span class='ocrx_word' id='word_1_25' title='bbox 968 676 1048 744; x_wconf 69' lang='lat' dir='ltr'>terre</span> 
     </span>
    </p>

    <p class='ocr_par' dir='ltr' id='par_1_5' title="bbox 253 770 474 838">
     <span class='ocr_line' id='line_1_5' title="bbox 253 770 474 838; baseline -0.018 0"><span class='ocrx_word' id='word_1_26' title='bbox 253 792 269 838; x_wconf 82' lang='lat'>4</span> <span class='ocrx_word' id='word_1_27' title='bbox 304 770 474 834; x_wconf 83' lang='lat' dir='ltr'>invenitur.</span> 
     </span>
    </p>

    <p class='ocr_par' dir='ltr' id='par_1_6' title="bbox 223 872 1047 1062">
     <span class='ocr_line' id='line_1_6' title="bbox 254 872 1045 958; baseline -0.008 -16"><span class='ocrx_word' id='word_1_28' title='bbox 254 895 268 942; x_wconf 65' lang='grc' dir='ltr'><strong>ὅ</strong></span> <span class='ocrx_word' id='word_1_29' title='bbox 349 872 413 937; x_wconf 90' lang='lat' dir='ltr'>Per</span> <span class='ocrx_word' id='word_1_30' title='bbox 440 896 536 958; x_wconf 87' lang='lat' dir='ltr'><strong>quam</strong></span> <span class='ocrx_word' id='word_1_31' title='bbox 557 872 702 941; x_wconf 83' lang='lat' dir='ltr'>Scotiam</span> <span class='ocrx_word' id='word_1_32' title='bbox 728 881 899 939; x_wconf 79' lang='lat' dir='ltr'>transeunt</span> <span class='ocrx_word' id='word_1_33' title='bbox 918 873 1045 958; x_wconf 82' lang='lat' dir='ltr'>plurime</span> 
     </span>
     <span class='ocr_line' id='line_1_7' title="bbox 223 973 1047 1062; baseline -0.01 -16"><span class='ocrx_word' id='word_1_34' title='bbox 223 1003 228 1014; x_wconf 93' lang='lat'><em>·</em></span> <span class='ocrx_word' id='word_1_35' title='bbox 253 1000 268 1046; x_wconf 78' lang='lat' dir='ltr'>c</span> <span class='ocrx_word' id='word_1_36' title='bbox 304 977 453 1060; x_wconf 80' lang='lat' dir='ltr'><strong>flumina,</strong></span> <span class='ocrx_word' id='word_1_37' title='bbox 478 979 563 1042; x_wconf 78' lang='lat' dir='ltr'>inter</span> <span class='ocrx_word' id='word_1_38' title='bbox 590 986 697 1042; x_wconf 80' lang='lat' dir='ltr'>cetera</span> <span class='ocrx_word' id='word_1_39' title='bbox 725 999 807 1062; x_wconf 83' lang='lat' dir='ltr'>quae</span> <span class='ocrx_word' id='word_1_40' title='bbox 829 976 991 1059; x_wconf 84' lang='lat' dir='ltr'>dicuntur,</span> <span class='ocrx_word' id='word_1_41' title='bbox 1015 973 1047 1040; x_wconf 88' lang='lat' dir='ltr'>id</span> 
     </span>
    </p>
   </div>
   <div class='ocr_carea' id='block_1_3' title="bbox 232 1090 1044 2498">
    <p class='ocr_par' dir='ltr' id='par_1_7' title="bbox 254 1090 410 1148">
     <span class='ocr_line' id='line_1_8' title="bbox 254 1090 410 1148; baseline -0.013 0"><span class='ocrx_word' id='word_1_42' title='bbox 254 1103 267 1148; x_wconf 83' lang='lat'>7</span> <span class='ocrx_word' id='word_1_43' title='bbox 305 1090 410 1146; x_wconf 84' lang='lat' dir='ltr'>estet</span> 
     </span>
    </p>

    <p class='ocr_par' dir='ltr' id='par_1_8' title="bbox 253 1183 638 1253">
     <span class='ocr_line' id='line_1_9' title="bbox 253 1183 638 1253; baseline -0.016 0"><span class='ocrx_word' id='word_1_44' title='bbox 253 1207 268 1253; x_wconf 75' lang='grc' dir='ltr'><strong>ε</strong></span> <span class='ocrx_word' id='word_1_45' title='bbox 454 1183 638 1251; x_wconf 82' lang='lat' dir='ltr'><strong>Sodisinam</strong></span> 
     </span>
    </p>

    <p class='ocr_par' dir='ltr' id='par_1_9' title="bbox 253 1283 537 1356">
     <span class='ocr_line' id='line_1_10' title="bbox 253 1283 537 1356; baseline -0.021 0"><span class='ocrx_word' id='word_1_46' title='bbox 253 1311 268 1356; x_wconf 82' lang='grc'>9</span> <span class='ocrx_word' id='word_1_47' title='bbox 456 1283 537 1351; x_wconf 83' lang='lat' dir='ltr'>Oled</span> 
     </span>
    </p>

    <p class='ocr_par' dir='ltr' id='par_1_10' title="bbox 237 1388 589 1460">
     <span class='ocr_line' id='line_1_11' title="bbox 237 1388 589 1460; baseline -0.02 0"><span class='ocrx_word' id='word_1_48' title='bbox 237 1415 268 1460; x_wconf 90' lang='lat'>10</span> <span class='ocrx_word' id='word_1_49' title='bbox 454 1388 589 1455; x_wconf 81' lang='lat' dir='ltr'>Terdec.</span> 
     </span>
    </p>

    <p class='ocr_par' dir='ltr' id='par_1_11' title="bbox 236 1491 1044 1784">
     <span class='ocr_line' id='line_1_12' title="bbox 236 1491 1044 1581; baseline -0.005 -17"><span class='ocrx_word' id='word_1_50' title='bbox 236 1519 267 1566; x_wconf 92' lang='lat'>11</span> <span class='ocrx_word' id='word_1_51' title='bbox 348 1491 471 1560; x_wconf 85' lang='lat' dir='ltr'>Iterum</span> <span class='ocrx_word' id='word_1_52' title='bbox 493 1496 527 1559; x_wconf 91' lang='lat' dir='ltr'>in</span> <span class='ocrx_word' id='word_1_53' title='bbox 548 1496 619 1581; x_wconf 79' lang='lat' dir='ltr'>ipso</span> <span class='ocrx_word' id='word_1_54' title='bbox 635 1493 767 1561; x_wconf 81' lang='lat' dir='ltr'>Oceano</span> <span class='ocrx_word' id='word_1_55' title='bbox 790 1493 981 1560; x_wconf 78' lang='lat' dir='ltr'>occidentali</span> <span class='ocrx_word' id='word_1_56' title='bbox 994 1517 1044 1580; x_wconf 89' lang='lat' dir='ltr'>po-</span> 
     </span>
     <span class='ocr_line' id='line_1_13' title="bbox 236 1597 1044 1682; baseline 0.001 -21"><span class='ocrx_word' id='word_1_57' title='bbox 236 1621 268 1668; x_wconf 83' lang='lat'>12</span> <span class='ocrx_word' id='word_1_58' title='bbox 304 1605 425 1662; x_wconf 78' lang='lat' dir='ltr'><strong>nuntur</strong></span> <span class='ocrx_word' id='word_1_59' title='bbox 447 1597 592 1664; x_wconf 81' lang='lat' dir='ltr'>diversae</span> <span class='ocrx_word' id='word_1_60' title='bbox 620 1599 761 1681; x_wconf 81' lang='lat' dir='ltr'>insulae,</span> <span class='ocrx_word' id='word_1_61' title='bbox 789 1620 830 1662; x_wconf 83' lang='lat' dir='ltr'>cx</span> <span class='ocrx_word' id='word_1_62' title='bbox 859 1597 974 1682; x_wconf 84' lang='lat' dir='ltr'>quibus</span> <span class='ocrx_word' id='word_1_63' title='bbox 994 1598 1044 1662; x_wconf 82' lang='lat' dir='ltr'>cli·</span> 
     </span>
     <span class='ocr_line' id='line_1_14' title="bbox 236 1699 936 1784; baseline 0.004 -19"><span class='ocrx_word' id='word_1_64' title='bbox 236 1725 268 1772; x_wconf 75' lang='lat'>13</span> <span class='ocrx_word' id='word_1_65' title='bbox 305 1709 440 1784; x_wconf 81' lang='lat' dir='ltr'>quantas</span> <span class='ocrx_word' id='word_1_66' title='bbox 462 1703 626 1768; x_wconf 78' lang='lat' dir='ltr'>nominare</span> <span class='ocrx_word' id='word_1_67' title='bbox 648 1702 807 1784; x_wconf 84' lang='lat' dir='ltr'>volumus,</span> <span class='ocrx_word' id='word_1_68' title='bbox 828 1699 864 1766; x_wconf 85' lang='lat' dir='ltr'>id</span> <span class='ocrx_word' id='word_1_69' title='bbox 887 1711 936 1768; x_wconf 78' lang='lat' dir='ltr'>est</span> 
     </span>
    </p>

    <p class='ocr_par' dir='ltr' id='par_1_12' title="bbox 236 1801 592 1874">
     <span class='ocr_line' id='line_1_15' title="bbox 236 1801 592 1874; baseline -0.011 0"><span class='ocrx_word' id='word_1_70' title='bbox 236 1829 269 1874; x_wconf 85' lang='lat'>14</span> <span class='ocrx_word' id='word_1_71' title='bbox 455 1801 592 1871; x_wconf 81' lang='lat' dir='ltr'>Corsula</span> 
     </span>
    </p>

    <p class='ocr_par' dir='ltr' id='par_1_13' title="bbox 237 1908 557 1980">
     <span class='ocr_line' id='line_1_16' title="bbox 237 1908 557 1980; baseline -0.022 0"><span class='ocrx_word' id='word_1_72' title='bbox 237 1933 267 1980; x_wconf 75' lang='lat'>1⁶</span> <span class='ocrx_word' id='word_1_73' title='bbox 454 1908 557 1974; x_wconf 84' lang='lat' dir='ltr'>Mona</span> 
     </span>
    </p>

    <p class='ocr_par' dir='ltr' id='par_1_14' title="bbox 237 2012 603 2100">
     <span class='ocr_line' id='line_1_17' title="bbox 237 2012 603 2100; baseline -0.016 -17"><span class='ocrx_word' id='word_1_74' title='bbox 237 2037 269 2083; x_wconf 84' lang='lat' dir='ltr'>le</span> <span class='ocrx_word' id='word_1_75' title='bbox 455 2012 603 2100; x_wconf 81' lang='lat' dir='ltr'>Regeina</span> 
     </span>
    </p>

    <p class='ocr_par' dir='ltr' id='par_1_15' title="bbox 236 2115 621 2189">
     <span class='ocr_line' id='line_1_18' title="bbox 236 2115 621 2189; baseline 0.005 -9"><span class='ocrx_word' id='word_1_76' title='bbox 236 2144 268 2189; x_wconf 82' lang='lat'>17</span> <span class='ocrx_word' id='word_1_77' title='bbox 454 2115 621 2182; x_wconf 80' lang='lat' dir='ltr'>Minervae</span> 
     </span>
    </p>

    <p class='ocr_par' dir='ltr' id='par_1_16' title="bbox 232 2217 556 2292">
     <span class='ocr_line' id='line_1_19' title="bbox 232 2217 556 2292; baseline -0.019 -1"><span class='ocrx_word' id='word_1_78' title='bbox 232 2244 268 2292; x_wconf 79' lang='lat'>,18</span> <span class='ocrx_word' id='word_1_79' title='bbox 456 2217 556 2285; x_wconf 85' lang='lat' dir='ltr'>Ounis</span> 
     </span>
    </p>

    <p class='ocr_par' dir='ltr' id='par_1_17' title="bbox 237 2322 578 2393">
     <span class='ocr_line' id='line_1_20' title="bbox 237 2322 578 2393; baseline -0.015 0"><span class='ocrx_word' id='word_1_80' title='bbox 237 2346 268 2393; x_wconf 79' lang='lat'>19</span> <span class='ocrx_word' id='word_1_81' title='bbox 455 2322 578 2388; x_wconf 80' lang='lat' dir='ltr'>Manna</span> 
     </span>
    </p>

    <p class='ocr_par' dir='ltr' id='par_1_18' title="bbox 236 2426 547 2498">
     <span class='ocr_line' id='line_1_21' title="bbox 236 2426 547 2498; baseline 0.003 -8"><span class='ocrx_word' id='word_1_82' title='bbox 236 2451 268 2498; x_wconf 77' lang='lat'>20</span> <span class='ocrx_word' id='word_1_83' title='bbox 454 2426 547 2492; x_wconf 82' lang='lat' dir='ltr'><strong>Botis</strong></span> 
     </span>
    </p>
   </div>
   <div class='ocr_carea' id='block_1_4' title="bbox 214 2645 1040 3352">
    <p class='ocr_par' dir='ltr' id='par_1_19' title="bbox 214 2645 1040 3352">
     <span class='ocr_line' id='line_1_22' title="bbox 214 2645 1040 2719; baseline 0 -18"><span class='ocrx_word' id='word_1_84' title='bbox 214 2645 218 2656; x_wconf 80' lang='lat'>&#39;</span> <span class='ocrx_word' id='word_1_85' title='bbox 307 2659 319 2702; x_wconf 91' lang='grc'>1</span> <span class='ocrx_word' id='word_1_86' title='bbox 339 2658 439 2718; x_wconf 69' lang='lat' dir='ltr'>ybernie</span> <span class='ocrx_word' id='word_1_87' title='bbox 458 2657 482 2717; x_wconf 78' lang='lat'>0,</span> <span class='ocrx_word' id='word_1_88' title='bbox 504 2658 622 2704; x_wconf 78' lang='lat' dir='ltr'>Hibernia</span> <span class='ocrx_word' id='word_1_89' title='bbox 640 2659 704 2706; x_wconf 70' lang='lat' dir='ltr'>editi.</span> <span class='ocrx_word' id='word_1_90' title='bbox 731 2659 741 2705; x_wconf 77' lang='grc' dir='ltr'>ΙΙ</span> <span class='ocrx_word' id='word_1_91' title='bbox 766 2664 794 2706; x_wconf 87' lang='lat' dir='ltr'>ut</span> <span class='ocrx_word' id='word_1_92' title='bbox 806 2659 897 2706; x_wconf 84' lang='lat' dir='ltr'>dietum</span> <span class='ocrx_word' id='word_1_93' title='bbox 909 2665 956 2719; x_wconf 81' lang='lat' dir='ltr'>est]</span> <span class='ocrx_word' id='word_1_94' title='bbox 975 2659 989 2704; x_wconf 89' lang='lat'><strong><em>9</em></strong></span> <span class='ocrx_word' id='word_1_95' title='bbox 1005 2655 1040 2702; x_wconf 83' lang='lat'>13.</span> 
     </span>
     <span class='ocr_line' id='line_1_23' title="bbox 305 2727 1039 2790; baseline 0 -17"><span class='ocrx_word' id='word_1_96' title='bbox 305 2727 314 2773; x_wconf 77' lang='grc' dir='ltr'>ΙΙ</span> <span class='ocrx_word' id='word_1_97' title='bbox 327 2729 405 2774; x_wconf 78' lang='lat' dir='ltr'>scoria</span> <span class='ocrx_word' id='word_1_98' title='bbox 424 2727 448 2776; x_wconf 79' lang='lat'>0.</span> <span class='ocrx_word' id='word_1_99' title='bbox 510 2731 525 2775; x_wconf 82' lang='lat'><strong>2</strong></span> <span class='ocrx_word' id='word_1_100' title='bbox 553 2729 602 2775; x_wconf 81' lang='lat' dir='ltr'>iem</span> <span class='ocrx_word' id='word_1_101' title='bbox 621 2743 665 2776; x_wconf 86' lang='lat' dir='ltr'>om.</span> <span class='ocrx_word' id='word_1_102' title='bbox 686 2728 709 2776; x_wconf 80' lang='lat' dir='ltr'>O.</span> <span class='ocrx_word' id='word_1_103' title='bbox 737 2729 747 2776; x_wconf 90' lang='grc' dir='ltr'>ΙΙ</span> <span class='ocrx_word' id='word_1_104' title='bbox 773 2731 955 2790; x_wconf 79' lang='lat' dir='ltr'>praemisimus]</span> <span class='ocrx_word' id='word_1_105' title='bbox 975 2728 1039 2783; x_wconf 77' lang='lat'><strong><em>91⁶,</em></strong></span> 
     </span>
     <span class='ocr_line' id='line_1_24' title="bbox 305 2797 1039 2858; baseline -0.003 -14"><span class='ocrx_word' id='word_1_106' title='bbox 305 2799 411 2845; x_wconf 84' lang='lat' dir='ltr'><strong>diximus</strong></span> <span class='ocrx_word' id='word_1_107' title='bbox 430 2797 454 2846; x_wconf 78' lang='lat'>0.</span> <span class='ocrx_word' id='word_1_108' title='bbox 510 2799 647 2846; x_wconf 77' lang='lat' dir='ltr'>csoociam</span> <span class='ocrx_word' id='word_1_109' title='bbox 665 2801 695 2858; x_wconf 88' lang='lat' dir='ltr'>B,</span> <span class='ocrx_word' id='word_1_110' title='bbox 723 2815 830 2847; x_wconf 81' lang='lat' dir='ltr'>scoream</span> <span class='ocrx_word' id='word_1_111' title='bbox 850 2799 875 2847; x_wconf 79' lang='lat'>0.</span> <span class='ocrx_word' id='word_1_112' title='bbox 930 2805 943 2849; x_wconf 79' lang='grc'><strong>7</strong></span> <span class='ocrx_word' id='word_1_113' title='bbox 965 2808 988 2848; x_wconf 83' lang='lat' dir='ltr'>et</span> <span class='ocrx_word' id='word_1_114' title='bbox 1003 2813 1039 2846; x_wconf 85' lang='lat' dir='ltr'>om.</span> 
     </span>
     <span class='ocr_line' id='line_1_25' title="bbox 304 2869 1039 2930; baseline -0.001 -16"><span class='ocrx_word' id='word_1_115' title='bbox 304 2869 369 2915; x_wconf 75' lang='lat' dir='ltr'>editi.</span> <span class='ocrx_word' id='word_1_116' title='bbox 418 2872 433 2916; x_wconf 91' lang='lat'><em>8</em></span> <span class='ocrx_word' id='word_1_117' title='bbox 453 2869 588 2917; x_wconf 80' lang='lat' dir='ltr'>Sodismem</span> <span class='ocrx_word' id='word_1_118' title='bbox 601 2871 665 2916; x_wconf 75' lang='lat' dir='ltr'>editi.</span> <span class='ocrx_word' id='word_1_119' title='bbox 715 2872 728 2916; x_wconf 88' lang='grc'>9</span> <span class='ocrx_word' id='word_1_120' title='bbox 745 2877 802 2930; x_wconf 74' lang='lat' dir='ltr'>post</span> <span class='ocrx_word' id='word_1_121' title='bbox 814 2869 874 2918; x_wconf 87' lang='lat' dir='ltr'>Cled</span> <span class='ocrx_word' id='word_1_122' title='bbox 886 2872 942 2918; x_wconf 76' lang='lat' dir='ltr'>editi</span> <span class='ocrx_word' id='word_1_123' title='bbox 954 2871 1004 2918; x_wconf 78' lang='lat' dir='ltr'><strong><em>add.</em></strong></span> <span class='ocrx_word' id='word_1_124' title='bbox 1013 2875 1039 2916; x_wconf 81' lang='lat' dir='ltr'>et.</span> 
     </span>
     <span class='ocr_line' id='line_1_26' title="bbox 308 2939 1039 2998; baseline 0 -13"><span class='ocrx_word' id='word_1_125' title='bbox 308 2941 339 2986; x_wconf 88' lang='grc'>10</span> <span class='ocrx_word' id='word_1_126' title='bbox 363 2939 449 2986; x_wconf 86' lang='lat' dir='ltr'>terclec</span> <span class='ocrx_word' id='word_1_127' title='bbox 467 2942 495 2986; x_wconf 76' lang='lat' dir='ltr'>A.</span> <span class='ocrx_word' id='word_1_128' title='bbox 523 2941 533 2986; x_wconf 86' lang='grc' dir='ltr'>ΙΙ</span> <span class='ocrx_word' id='word_1_129' title='bbox 557 2946 613 2998; x_wconf 71' lang='lat' dir='ltr'><em>post</em></span> <span class='ocrx_word' id='word_1_130' title='bbox 629 2941 720 2987; x_wconf 83' lang='lat' dir='ltr'>Terdec</span> <span class='ocrx_word' id='word_1_131' title='bbox 740 2939 829 2997; x_wconf 60' lang='lat' dir='ltr'>cedd.</span> <span class='ocrx_word' id='word_1_132' title='bbox 853 2943 884 2988; x_wconf 85' lang='lat' dir='ltr'>de</span> <span class='ocrx_word' id='word_1_133' title='bbox 902 2943 996 2990; x_wconf 79' lang='lat' dir='ltr'>diversis</span> <span class='ocrx_word' id='word_1_134' title='bbox 1010 2942 1039 2986; x_wconf 85' lang='lat' dir='ltr'>in·</span> 
     </span>
     <span class='ocr_line' id='line_1_27' title="bbox 306 3009 1039 3071; baseline 0 -15"><span class='ocrx_word' id='word_1_135' title='bbox 306 3009 364 3056; x_wconf 76' lang='lat' dir='ltr'>culis</span> <span class='ocrx_word' id='word_1_136' title='bbox 377 3013 402 3056; x_wconf 91' lang='lat' dir='ltr'>in</span> <span class='ocrx_word' id='word_1_137' title='bbox 414 3025 517 3058; x_wconf 75' lang='lat' dir='ltr'>occeano</span> <span class='ocrx_word' id='word_1_138' title='bbox 534 3011 678 3058; x_wconf 80' lang='lat' dir='ltr'>occidentali</span> <span class='ocrx_word' id='word_1_139' title='bbox 695 3012 788 3071; x_wconf 82' lang='lat' dir='ltr'><strong>positis.</strong></span> <span class='ocrx_word' id='word_1_140' title='bbox 845 3013 875 3058; x_wconf 94' lang='lat'>11</span> <span class='ocrx_word' id='word_1_141' title='bbox 905 3015 930 3059; x_wconf 87' lang='lat' dir='ltr'>in</span> <span class='ocrx_word' id='word_1_142' title='bbox 947 3029 989 3059; x_wconf 83' lang='lat' dir='ltr'>em.</span> <span class='ocrx_word' id='word_1_143' title='bbox 1004 3009 1039 3056; x_wconf 80' lang='lat' dir='ltr'>AB</span> 
     </span>
     <span class='ocr_line' id='line_1_28' title="bbox 305 3081 1038 3141; baseline 0 -15"><span class='ocrx_word' id='word_1_144' title='bbox 305 3081 369 3126; x_wconf 70' lang='lat' dir='ltr'>editi.</span> <span class='ocrx_word' id='word_1_145' title='bbox 397 3081 407 3127; x_wconf 91' lang='grc' dir='ltr'>ΙΙ</span> <span class='ocrx_word' id='word_1_146' title='bbox 432 3083 497 3141; x_wconf 78' lang='lat' dir='ltr'><strong>ipso}</strong></span> <span class='ocrx_word' id='word_1_147' title='bbox 521 3083 560 3141; x_wconf 60' lang='grc' dir='ltr'>ιῇ</span> <span class='ocrx_word' id='word_1_148' title='bbox 577 3082 611 3138; x_wconf 87' lang='lat' dir='ltr'>B,</span> <span class='ocrx_word' id='word_1_149' title='bbox 640 3083 687 3141; x_wconf 82' lang='lat' dir='ltr'>ipsi</span> <span class='ocrx_word' id='word_1_150' title='bbox 705 3083 770 3129; x_wconf 77' lang='lat' dir='ltr'>editi.</span> <span class='ocrx_word' id='word_1_151' title='bbox 833 3083 865 3130; x_wconf 80' lang='lat'>15</span> <span class='ocrx_word' id='word_1_152' title='bbox 893 3084 1038 3130; x_wconf 65' lang='lat' dir='ltr'>Meneclium</span> 
     </span>
     <span class='ocr_line' id='line_1_29' title="bbox 304 3146 1037 3215; baseline -0.001 -18"><span class='ocrx_word' id='word_1_153' title='bbox 304 3150 366 3197; x_wconf 82' lang='lat' dir='ltr'><em>Plin.</em></span> <span class='ocrx_word' id='word_1_154' title='bbox 381 3153 434 3198; x_wconf 85' lang='lat' dir='ltr'>Tac.</span> <span class='ocrx_word' id='word_1_155' title='bbox 447 3151 499 3211; x_wconf 83' lang='lat' dir='ltr'><em>alii,</em></span> <span class='ocrx_word' id='word_1_156' title='bbox 513 3146 594 3203; x_wconf 70' lang='lat' dir='ltr'><em>Mr&#39;wa</em></span> <span class='ocrx_word' id='word_1_157' title='bbox 602 3152 675 3210; x_wconf 69' lang='lat' dir='ltr'><em>Ptol„</em></span> <span class='ocrx_word' id='word_1_158' title='bbox 690 3153 795 3204; x_wconf 75' lang='grc' dir='ltr'><strong><em>Μῶννα</em></strong></span> <span class='ocrx_word' id='word_1_159' title='bbox 803 3154 850 3200; x_wconf 82' lang='lat' dir='ltr'>Dio</span> <span class='ocrx_word' id='word_1_160' title='bbox 859 3152 937 3211; x_wconf 73' lang='lat' dir='ltr'>Oacn.,·</span> <span class='ocrx_word' id='word_1_161' title='bbox 946 3152 977 3215; x_wconf 83' lang='lat' dir='ltr'>cs.</span> <span class='ocrx_word' id='word_1_162' title='bbox 986 3149 1037 3198; x_wconf 57' lang='lat'>219</span> 
     </span>
     <span class='ocr_line' id='line_1_30' title="bbox 304 3219 1035 3285; baseline 0.004 -18"><span class='ocrx_word' id='word_1_163' title='bbox 304 3221 405 3279; x_wconf 78' lang='lat' dir='ltr'><strong>Manna;</strong></span> <span class='ocrx_word' id='word_1_164' title='bbox 435 3229 490 3269; x_wconf 74' lang='lat' dir='ltr'>cunt</span> <span class='ocrx_word' id='word_1_165' title='bbox 509 3223 630 3283; x_wconf 82' lang='lat' dir='ltr'>Anglesea</span> <span class='ocrx_word' id='word_1_166' title='bbox 657 3230 679 3270; x_wconf 68' lang='lat' dir='ltr'>et</span> <span class='ocrx_word' id='word_1_167' title='bbox 700 3223 766 3270; x_wconf 80' lang='lat' dir='ltr'>Men.</span> <span class='ocrx_word' id='word_1_168' title='bbox 839 3225 871 3270; x_wconf 88' lang='grc'>16</span> <span class='ocrx_word' id='word_1_169' title='bbox 903 3238 993 3285; x_wconf 71' lang='lat' dir='ltr'>regemn</span> <span class='ocrx_word' id='word_1_170' title='bbox 1018 3219 1035 3266; x_wconf 78' lang='lat' dir='ltr'>C·</span> 
     </span>
     <span class='ocr_line' id='line_1_31' title="bbox 307 3291 879 3352; baseline 0.007 -16"><span class='ocrx_word' id='word_1_171' title='bbox 307 3293 338 3337; x_wconf 77' lang='lat'>19</span> <span class='ocrx_word' id='word_1_172' title='bbox 366 3307 454 3340; x_wconf 84' lang='lat' dir='ltr'><strong>manua</strong></span> <span class='ocrx_word' id='word_1_173' title='bbox 473 3293 497 3341; x_wconf 80' lang='lat' dir='ltr'>C.</span> <span class='ocrx_word' id='word_1_174' title='bbox 552 3296 585 3340; x_wconf 77' lang='lat'>20</span> <span class='ocrx_word' id='word_1_175' title='bbox 613 3294 694 3352; x_wconf 81' lang='lat' dir='ltr'>Botis]</span> <span class='ocrx_word' id='word_1_176' title='bbox 714 3294 782 3342; x_wconf 77' lang='lat' dir='ltr'>hodie</span> <span class='ocrx_word' id='word_1_177' title='bbox 799 3291 879 3342; x_wconf 76' lang='lat' dir='ltr'>Bute?</span> 
     </span>
    </p>
   </div>
   <div class='ocr_carea' id='block_1_5' title="bbox 0 0 1104 3840">
    <p class='ocr_par' dir='ltr' id='par_1_20' title="bbox 0 0 1104 3840">
     <span class='ocr_line' id='line_1_32' title="bbox 0 0 1104 3840; baseline 0 0"><span class='ocrx_word' id='word_1_178' title='bbox 0 0 1104 3840; x_wconf 95' lang='lat' dir='ltr'> </span> 
     </span>
    </p>
   </div>
  </div>
 </body>
</html>
