2198 3840
264 494 393 581 Egodes

263 598 408 664 Distrete

265 698 417 766 Currious

262 793 408 870 Absarus

262 907 426 971 Primodia

262 1011 341 1074 Mos

262 1113 430 1188 Erafronia

183 1237 186 1241 ’
262 1217 404 1281 Pullaria

261 1319 397 1385 Ursaria

263 1421 423 1488 Cervaria.

4 1531 6 1608 ξ
53 1543 81 1588 11
159 1523 225 1591 Sed
248 1535 280 1590 et
302 1527 382 1592 aliae
403 1527 558 1612 plurimae
587 1527 710 1590 inertiae
733 1528 766 1590 iu
788 1529 859 1612 ipsa

4 1615 6 1646 ¹
53 1645 81 1689 12
115 1630 245 1716 regione
267 1639 446 1714 ponuntur,
469 1629 526 1695 sed
548 1629 704 1713 modicae,
732 1639 764 1694 et
785 1629 858 1694 ideo

53 1749 81 1794 ra
117 1755 168 1797 eas
190 1732 411 1799 taciturnitate
434 1731 703 1799 commendamus.

53 1852 81 1896 14
145 1835 196 1904 25.
242 1835 282 1900 In
303 1838 407 1921 patria
428 1861 504 1902 vero
526 1836 682 1902 Venetiae
705 1847 780 1903 sunt
802 1839 856 1904 ali'·

4 1985 6 2012 t
52 1958 80 2004 ιδ
116 1950 253 2026 quantae
287 1940 410 2006 insulae
444 1963 525 2024 quae
558 1939 739 2007 hominibus
769 1941 859 2008 habi-

4 2037 6 2112 1
52 2061 80 2107 re
113 2053 230 2110 tantur.
275 2042 334 2109 sed
355 2052 388 2107 et
409 2045 485 2109 litus
507 2041 625 2108 finibus
648 2045 786 2130 Apuliae
810 2056 859 2112 est

4 2121 6 2188 i
52 2165 79 2210 ra
113 2149 218 2214 insula
232 2169 315 2232 quae
330 2145 448 2212 dieitur
462 2148 602 2213 Amonte
623 2149 674 2212 vel
689 2149 857 2214 Tremetis.

4 2269 5 2304 1
52 2266 80 2315 18,
155 2251 195 2316 In
226 2252 310 2316 oolfo
337 2260 443 2315 autem
470 2247 599 2316 Gallico
629 2249 773 2316 diversae
801 2274 858 2336 po-

112 2557 126 2602 3
153 2551 259 2600 curtioua
279 2552 303 2610 0,
322 2552 432 2600 Currieos
449 2553 513 2612 aditi,
533 2553 620 2602 Curios
635 2555 699 2612 Tot„
721 2557 858 2624 Κουρίκτα

110 2624 174 2672 Ptol.
228 2623 369 2683 4Apsoros
380 2626 444 2682 Ant,
462 2617 594 2692 Ἅψορρος
604 2625 669 2672 Ptol.
718 2625 858 2672 8Pullaria

111 2699 181 2742 etima
194 2694 256 2762 ΤαῦΙΙ
270 2701 292 2740 at
308 2695 372 2741 Plio.
428 2695 564 2742 9Ursaria
582 2698 652 2742 raam
668 2695 722 2742 Tot.
778 2698 808 2742 11
834 2701 858 2742 at

110 2781 156 2813 om.
173 2766 197 2812 B
218 2765 284 2810 aditi.
351 2767 381 2810 12
409 2771 446 2812 sat
465 2764 488 2812 0.
558 2768 588 2811 18
617 2766 775 2814 taciturnitati
793 2766 857 2812 aditi.

110 2837 120 2883 ΙΙ
132 2837 302 2884 comendamus
319 2836 371 2882 AB.
398 2836 408 2882 ii
429 2843 486 2894 post
503 2838 696 2885 commandamus
718 2834 807 2882 Oudai.
827 2838 857 2882 de

109 2907 194 2954 insulis
215 2907 293 2964 patrie
315 2906 463 2953 venetiarum
483 2912 511 2954 et
541 2906 648 2966 apulia.¹
695 2907 745 2968 ¹15
778 2908 856 2952 homi-

110 2979 194 3033 nibus}
213 2977 324 3024 omnibus
342 2976 390 3022 AO.
418 2977 427 3024 ΙΙ
453 2978 619 3024 habitantibus
637 2975 683 3024 AG.
744 2978 775 3022 16
803 2983 857 3022 onte

109 3049 167 3096 litus
187 3047 261 3094 Gran.
274 3048 298 3092 1.
318 3047 334 3092 2
353 3045 443 3094 addant
460 3049 550 3094 iuxtus.
625 3049 654 3093 17
683 3046 799 3103 Amontel
818 3061 857 3092 aa·

109 3119 253 3178 mactaveris
274 3118 414 3165 Diomeden.
450 3119 460 3164 Η
493 3117 533 3163 vei
557 3131 601 3164 om.
618 3119 647 3163 A.
683 3117 693 3162 ΙΙ
727 3117 855 3172 Tremetisl

109 3190 229 3236 Trimerus
245 3189 326 3246 Tacit,
351 3189 419 3234 todia
437 3189 544 3234 Tramiti.
581 3189 590 3232 ΙΙ
622 3193 677 3246 port
700 3187 815 3234 Tremetis
840 3186 859 3234 0

110 3261 165 3306 add.
193 3261 223 3305 de
252 3260 359 3306 diversio
379 3259 462 3305 insulis
493 3260 518 3304 in
546 3258 632 3317 calpho
660 3257 748 3316 gallico
774 3259 854 3317 positi.

111 3333 141 3378 18
170 3329 257 3388 oolpho
278 3327 302 3376 0.
362 3360 370 3364 -
733 3347 736 3351 ·
819 3325 822 3330 '
