2314 3840
1027 239 1151 312 11]

273 432 286 476 1
322 417 360 474 ut
382 407 537 473 barbarus
553 430 622 472 mos
645 415 704 488 est,
727 384 862 472 forsitan
876 415 913 470 ut
927 404 1003 470 olim
1018 429 1080 470 no-

271 534 286 578 a
323 514 463 577 minatae
478 520 554 575 sunt
568 511 690 596 patriae
707 509 852 574 civitates
867 508 920 572 vel
934 508 1079 592 flumina,

272 637 287 681 a
324 637 428 700 nuper
450 614 543 678 aliter
565 613 774 699 appellentur.

271 737 288 783 4
368 716 436 783 Sed
451 726 488 781 ut
503 715 545 780 ad
559 717 760 802 propositum
774 714 958 780 redeamus:
974 717 1081 780 omni-

273 840 287 886 1
324 820 386 885 bus
410 818 608 905 sapientibus
633 819 797 905 cognitum
821 827 871 882 est
896 816 984 902 quod
1005 819 1080 882 uni-
1151 839 1152 850 ¹

274 947 288 991 o
324 924 486 988 versitatis
508 922 613 987 bonus
636 923 742 1007 opifex
758 918 905 985 Christus
929 920 1080 986 dominus
1152 993 1153 996 Ἴ

274 1049 288 1094 1
324 1036 435 1092 noster
451 1026 653 1110 omnipotens
669 1047 709 1088 ex
723 1023 823 1088 nihilo
840 1023 984 1088 condidit
1000 1047 1081 1090 cun-
1152 1015 1153 1048 ³

273 1150 289 1195 a
326 1139 380 1194 cta
391 1129 531 1212 fecitque
543 1129 714 1192 luminaria
728 1151 846 1214 magna
857 1127 899 1191 ad
910 1151 1081 1193 11111111-
1152 1175 1153 1212 ᾗ

274 1256 289 1300 o
325 1243 396 1298 tum
419 1229 569 1317 Olympi,
598 1255 656 1316 per
684 1254 766 1315 quae
796 1232 996 1298 solertissimi
1017 1233 1081 1296 viri
1151 1225 1153 1306 ξ

258 1357 289 1402 10
327 1337 480 1400 creatoris
495 1336 585 1399 iussu
599 1343 760 1400 momenta
782 1345 814 1400 et
836 1344 980 1420 tempora
1002 1357 1081 1421 sup-
1151 1335 1153 1344 ⁴

258 1463 288 1508 11
325 1448 439 1525 putare
454 1447 600 1524 possunt.
628 1461 704 1524 ergo
721 1437 798 1502 dum
813 1439 861 1504 sol
875 1447 977 1504 totam
992 1438 1081 1503 diem
1112 1503 1116 1517 ,
1153 1463 1154 1526 j

157 1569 164 1578 ‘
258 1568 289 1613 11
326 1566 385 1628 per
413 1541 625 1606 meridianum
655 1542 831 1627 marginem
863 1541 1082 1627 potentissimi

219 1709 222 1716 ,
260 1674 290 1718 13
326 1647 418 1710 iussu
440 1645 570 1709 factoris
594 1642 792 1726 exambulat‚
820 1666 1080 1729 unamquamque

259 1775 291 1820 14
327 1749 440 1813 horam
469 1747 534 1812 diei
555 1771 654 1812 verno
675 1757 819 1834 tempore
845 1757 999 1832 tanquam
1020 1749 1082 1812 ho-

259 1877 291 1923 15
328 1852 488 1939 rologium
505 1849 650 1916 ordinem
666 1873 759 1916 suum
770 1875 827 1938 per
838 1873 1009 1917 occursum
1024 1851 1083 1916 de·

260 1984 291 2029 16
328 1957 453 2042 signat,
486 1977 657 2040 possumus
684 1954 832 2020 arbitrari
858 1956 1084 2020 universarum

260 2087 291 2132 ῃ
329 2060 474 2146 gentium
501 2059 622 2143 patrias
649 2081 708 2143 per
735 2082 887 2145 magnum
910 2060 1084 2124 circuitum
1153 2057 1155 2082 ¹

260 2189 292 2234 1s
328 2161 599 2227 intransmeabilis
623 2159 747 2228 Oceani
768 2161 862 2226 litore
883 2163 1016 2247 positas,
1049 2173 1084 2228 11

260 2291 292 2336 19
330 2263 460 2330 Christo
489 2264 582 2330 nobis
612 2265 784 2330 auxiliante
813 2266 962 2332 subtilius
997 2265 1085 2332 desi-

259 2393 292 2438 10
376 2391 438 2432 are.

201 2498 204 2512 ‘
260 2497 292 2543 21
330 2391 394 2539 ΕΗΒ.
440 2471 549 2536 Prima
571 2479 608 2536 ut
629 2470 708 2536 hora
730 2471 794 2536 diei
815 2470 970 2538 Indorum
990 2495 1085 2558 repe-

260 2601 293 2647 11
330 2575 457 2640 riuntur
479 2576 658 2660 prosapiae,
681 2597 816 2658 quorum
837 2584 912 2660 post
933 2585 1025 2662 terga
1041 2576 1086 2642 ad

261 2703 294 2748 aa
330 2678 518 2744 orientalem
531 2681 660 2765 plagam
674 2687 827 2762 tanquam
843 2702 883 2742 ex
897 2679 997 2766 latere
1008 2703 1087 2764 pro-

261 2804 295 2850 14
330 2783 436 2847 ximus
459 2784 546 2848 solus
569 2781 837 2847 intransmeabilis
861 2805 986 2848 eremus
1001 2783 1087 2848 reia-

332 3004 347 3050 2
375 3008 431 3050 sunt
449 3017 492 3049 om.
512 3005 541 3049 A.
617 3006 631 3050 7
659 3003 748 3050 nichilo
766 3004 818 3050 ΑΒ.
892 3006 922 3050 10
951 3010 1036 3064 tepora
1053 3005 1086 3051 B.

330 3073 341 3120 ll
353 3088 440 3134 supere
451 3075 503 3120 AB.
559 3075 590 3121 12
608 3075 773 3133 potentissime
785 3075 815 3121 Β.
871 3076 902 3122 18
922 3075 1020 3122 occeani
1032 3076 1086 3134 AB,

331 3150 355 3189 et
366 3147 401 3190 ric
407 3147 507 3203 passim.
526 3145 535 3191 ΙΙ
547 3145 628 3192 littore
639 3146 669 3191 A.
732 3147 764 3192 21
792 3147 913 3202 1111111.
968 3147 1088 3205 23111-

330 3216 450 3263 ximosA.
513 3216 546 3263 24
571 3215 650 3263 solum
666 3218 694 3263 Δ.
715 3216 725 3264 ΙΙ
740 3217 848 3264 heremus
865 3218 894 3263 A.
