2314 3840
206 151 221 185 1

115 298 128 344 1
153 299 186 344 10
909 291 945 343 25

139 467 152 509 1
228 440 281 508 10.
326 439 393 508 Sed
415 449 448 506 et
469 441 523 506 alii
536 440 730 527 philosophi,
753 439 819 524 qui,
840 447 878 503 ut
892 461 946 503 su-

136 569 152 614 a
193 569 254 631 pra
268 543 419 626 diximus,
441 568 514 609 eum
537 545 628 628 quasi
651 543 711 609 sub
727 541 945 630 profunditate

138 671 155 715 a
196 647 320 714 Oceani
335 647 570 712 ambulaturum
589 647 750 728 dixerunt,
773 646 850 710 dum
864 646 946 710 mul-

138 775 155 818 4
194 761 245 816 tas
279 752 516 818 altercationes.
536 753 570 816 in
604 751 670 816 suis
703 751 946 836 proposuissent

138 876 154 920 o
193 855 375 940 opusculi8,
407 865 441 919 et
473 855 537 920 hoc
564 857 671 940 ipsum
699 854 945 934 altercaverunt,

139 977 154 1021 c
194 957 339 1023 dicentes
362 957 448 1042 quod
461 959 514 1024 vel
529 959 557 1024 si
573 959 626 1024 alii
643 958 755 1022 dicunt
773 958 848 1041 quia
862 957 946 1022 infra

139 1081 154 1123 7
195 1059 363 1126 Oceanum
377 1061 602 1126 innumerabili
617 1063 721 1147 spatio
741 1061 864 1125 itineris
880 1061 945 1125 sint

139 1181 156 1226 a
194 1173 319 1229 montes
333 1174 408 1250 post
418 1187 502 1250 'quos
518 1166 567 1230 sol
581 1164 680 1229 vadat
695 1173 727 1227 et
743 1173 859 1245 cetera,
882 1163 945 1228 hoc

141 1285 157 1329 e
194 1267 283 1332 nullo
303 1267 399 1332 modo
420 1269 538 1334 veritas
555 1277 615 1350 est,
638 1269 713 1351 quia
728 1264 880 1333 Oceanus
895 1275 945 1332 to-

123 1387 156 1432 lo
193 1381 262 1436 tum
279 1372 436 1436 circuiens
451 1370 616 1454 mundum,
636 1373 710 1436 finis
726 1372 795 1436 eius
810 1372 943 1436 ulterius

122 1488 155 1532 11
194 1473 246 1540 dei
267 1475 358 1539 iussu
379 1476 467 1540 nullo
482 1475 578 1540 modo
600 1475 771 1540 invenitur.
817 1476 943 1558 etquis

121 1591 155 1636 12
193 1577 275 1643 vidit
284 1579 352 1643 suis
364 1579 466 1644 oculis
477 1579 550 1644 illos
561 1579 708 1645 montes?
720 1578 776 1644 ubi
786 1581 820 1644 in
832 1589 945 1645 sancta

122 1695 156 1740 1³
193 1684 354 1768 scriptura
375 1705 445 1748 esse
460 1683 632 1770 leguntur?
655 1683 697 1746 ad
715 1705 796 1767 quos
812 1683 944 1748 obvian-

122 1801 157 1845 14
193 1794 242 1850 tes
272 1786 320 1850 illi
340 1787 523 1873 philosophi
547 1797 580 1851 et
605 1787 781 1873 prudentes
803 1788 864 1853 viri
894 1811 944 1854 re-

1 1942 2 1949 ,
121 1901 155 1947 15
193 1888 363 1976 spondent,
378 1900 411 1954 et
424 1913 483 1956 nos
498 1892 544 1955 ita
558 1890 705 1973 dicimus,
720 1891 807 1974 quod
819 1889 943 1958 Oceani

122 2007 155 2052 16
193 1993 327 2059 ulterius
342 1993 428 2080 apud
442 1994 592 2062 hominos
601 1995 675 2059 finis
690 2017 755 2059 non
766 1995 941 2075 invenitur3

121 2111 156 2156 17
195 2096 252 2161 sed
279 2097 416 2163 dicimus
446 2099 521 2183 quia
549 2107 625 2163 sunt
652 2108 777 2162 montes
807 2101 943 2164 creatori
968 2172 971 2178 ,

1 2213 2 2230 ’
121 2219 156 2262 rs
195 2201 335 2288 cogniti.
348 2200 435 2286 apud
449 2202 594 2266 homines
609 2201 771 2286 imperti,
790 2200 942 2267 sublimes

121 2324 155 2368 19
193 2313 288 2389 atque
310 2304 568 2391 investigabiles,
597 2314 672 2390 post
694 2326 792 2388 quoe,
820 2313 857 2369 ut
885 2306 944 2370 fati

119 2430 155 2476 20
193 2430 314 2490 sumus,
343 2408 391 2473 sol
414 2408 564 2496 gradiens
587 2409 703 2471 iterum
726 2409 864 2496 refulget
886 2411 943 2475 ho·

1 2511 2 2520 ’
119 2534 155 2580 21
192 2511 342 2578 minibus.
386 2535 461 2576 nam
483 2513 512 2576 si
527 2511 598 2595 quis
615 2535 655 2576 ex
669 2511 761 2577 vobis
780 2513 847 2578 suis
862 2513 944 2578 vidit

1 2659 2 2694 ss
118 2637 154 2682 22
192 2616 296 2680 oculis
318 2614 406 2700 quod
428 2615 476 2680 sol
498 2615 558 2680 sub
579 2614 796 2701 profunditate
820 2639 943 2700 peram-

119 2743 154 2788 as
191 2717 282 2784 bulet
304 2727 336 2783 et
356 2718 496 2801 reliqua,
519 2728 575 2784 aut
589 2718 645 2784 ubi
659 2719 722 2784 hoc
736 2719 770 2782 in
785 2719 944 2805 scriptura

193 2969 206 3013 1
236 2972 261 3013 et
278 2981 323 3013 om.
336 2968 401 3014 editt.
456 2969 470 3014 6
498 2967 538 3014 vel
556 2971 584 3025 sil
602 2970 653 3016 ulti
665 2970 695 3014 A.
714 2968 724 3012 ΙΙ
746 2970 811 3028 quie]
830 2970 895 3029 qnod
913 2971 942 3018 Β.

193 3038 225 3084 10
253 3038 360 3085 circuens
376 3040 407 3085 B.
426 3039 436 3085 ΙΙ
454 3039 553 3086 ultimus
571 3039 636 3086 editi.
703 3040 733 3084 11
762 3041 898 3088 inuenietur
913 3044 942 3088 A.

193 3110 224 3154 12
254 3108 344 3156 occulis
364 3110 394 3155 B.
463 3111 493 3155 16
525 3109 623 3157 ultimus
646 3110 710 3156 editi.
779 3111 810 3156 18
838 3112 940 3171 cogniti}

191 3180 292 3224 fuissent
302 3179 332 3225 A.
345 3179 355 3224 ΙΙ
366 3179 487 3236 sublimes}
497 3179 557 3227 alles
567 3185 596 3226 A.
634 3182 665 3227 19
684 3175 743 3228 'facti
751 3181 803 3228 ΑΒ.
841 3183 874 3228 18
893 3187 943 3239 aut}

192 3255 218 3296 at
236 3249 258 3294 B
275 3249 339 3295 editi·
