2234 3842
221 313 273 366 502
911 323 992 360 cuno
1014 313 1050 358 61

243 485 256 529 1
296 461 461 546 provincia
482 459 702 541 Flaminia,
733 481 817 542 quae
845 466 879 522 et
905 459 975 542 ipsa
1007 457 1055 522 si·
1100 447 1109 494 ‘7

243 585 257 630 a
295 564 413 628 militer
445 587 464 628 a
500 571 685 627 constructa
710 562 763 626 via
785 585 856 653 per
885 561 1055 625 consulem

243 689 258 735 s
295 666 490 734 Flaminium
522 667 586 730 tale
615 689 733 732 nomen
761 666 876 731 sortita
904 674 963 730 est.
1019 665 1054 728 in

243 793 258 836 a
296 770 357 834 hac
380 769 467 834 circa
488 769 712 854 potentissima
734 776 767 832 et
789 767 974 832 authentica
998 791 1055 832 ur·

243 893 257 939 o
295 872 384 937 bium
406 873 469 938 sita
491 873 638 938 consistit
660 871 828 953 Ravenna,
857 872 891 936 in
914 894 979 956 qna
1002 895 1054 936 re·

243 995 258 1040 s
295 977 463 1059 quiescens
486 975 615 1061 praesul
634 984 667 1040 et
681 983 804 1060 martyr
817 975 1031 1060 Apollinaris.
1109 1005 1110 1010 ¹

243 1100 257 1144 7
341 1077 464 1160 Quinta
498 1080 734 1165 provinciarum
768 1078 882 1144 Italiae
911 1079 1055 1144 Anno·

243 1203 258 1248 s
295 1183 386 1246 nica
406 1182 721 1268 Pentapolensis
745 1192 804 1265 est,
833 1205 929 1269 super
953 1205 1052 1266 quam

243 1309 258 1352 s
297 1286 386 1372 regio
423 1295 472 1350 est
506 1308 587 1369 quae
616 1285 863 1352 castellanorum
891 1286 1054 1370 appellata

196 1459 197 1463 ,
227 1415 257 1459 ιο
295 1397 345 1454 est
367 1387 408 1454 ab
431 1389 581 1474 antiquis.

227 1517 257 1562 ιι
339 1489 440 1558 Sexta
472 1517 491 1558 a
526 1493 622 1559 maris
659 1495 732 1559 sinu
765 1491 927 1558 Adriatici
960 1493 1053 1556 iuxta
1110 1494 1112 1538 l

227 1619 258 1664 ra
297 1593 495 1680 praedictam
522 1597 726 1682 Pentapolim
752 1597 918 1682 provincia
940 1595 1053 1660 Pici·

227 1723 258 1767 1a
296 1722 386 1764 num
407 1697 586 1785 Spoletii
607 1697 847 1766 Sauoiensis
869 1709 928 1766 est.

226 1827 259 1871 14
340 1800 484 1887 Septima
505 1803 672 1889 provincia
693 1803 920 1870 Dardaneis
945 1813 1005 1868 est.

227 1927 257 1973 1s
330 1903 382 1972 67.
435 1904 562 1972 Octava
592 1900 798 1972 coniunctam
830 1907 954 1972 habens
988 1907 1051 1972 sibi

227 2033 258 2078 rs
295 2008 454 2095 lapigiam
471 2011 623 2096 asupiori
633 2008 669 2076 id
679 2019 729 2075 est
738 2010 932 2075 occidentali
942 2010 1050 2097 plaga,
1112 2077 1113 2084 χ

227 2138 257 2182 17
296 2122 328 2177 et
350 2136 370 2177 a
392 2113 549 2197 superiori
576 2113 611 2178 id
640 2123 689 2179 est
717 2113 865 2178 orientali
885 2113 1048 2200 regionem

226 2239 257 2284 1s
296 2213 511 2298 Solentinam‚
546 2239 628 2300 quae
662 2227 695 2282 et
721 2217 841 2283 Locria
872 2218 1047 2300 antiquitus

226 2343 257 2386 19
296 2318 384 2384 dicta
406 2328 466 2401 est,
494 2321 660 2405 provincia
681 2320 836 2406 Apulia
858 2328 925 2402 est,
954 2343 1048 2404 quam

225 2443 257 2490 ao
296 2423 349 2488 alii
379 2423 421 2487 ob
451 2423 582 2490 nimiam
610 2424 808 2490 fertilitatem
831 2423 974 2488 omnium
995 2445 1047 2488 oo·

330 2726 422 2772 codices
441 2724 471 2785 bs
487 2731 509 2770 et
526 2726 590 2772 Mna.
742 2725 775 2786 cf.
788 2727 847 2771 llus.
862 2726 912 2770 247
932 2726 965 2770 14
977 2741 1011 2784 eq.

297 2869 308 2912 1
338 2867 468 2912 flamminia
481 2865 507 2926 s.
580 2867 596 2910 4
624 2866 747 2910 autentica
764 2863 790 2924 f,
822 2865 958 2911 auctentica
983 2867 1043 2911 Mar.

295 2939 309 2983 6
338 2939 422 2984 martir
441 2935 468 2996 f.
511 2935 520 2982 ll
557 2935 714 2994 appollinaris
740 2936 804 2982 Mna.
884 2938 898 2981 7
926 2935 999 2995 ytalie
1019 2935 1044 2996 s,

294 3009 375 3054 italiae
394 3015 418 3054 et
436 3008 499 3052 Mat.
527 3005 537 3052 ll
561 3005 683 3052 Armorica
702 3006 714 3051 b
733 3007 797 3052 Μαι.
848 3007 878 3050 11
905 3012 961 3064 poet
979 3006 1045 3052 iuxta

293 3079 403 3124 dimidius
418 3093 498 3124 uersus
510 3091 597 3124 cucuso
610 3079 634 3122 iu
647 3076 669 3122 b.
721 3078 751 3122 12
770 3076 945 3135 praescriptam
958 3077 971 3122 b
983 3077 1044 3123 Mar.

296 3151 327 3195 13
355 3148 455 3206 spolecii
479 3147 608 3194 scuriensis
634 3148 698 3192 Μαι.
780 3148 812 3193 16
840 3147 960 3206 rapigiam
984 3149 1044 3193 Mas.

293 3219 302 3264 ΙΙ
319 3220 421 3277 supiori]
456 3219 572 3278 superiori
599 3219 664 3264 Mae.
749 3219 779 3264 18
813 3216 957 3264 salentinam
983 3219 1043 3265 Mna.

296 3290 327 3335 ‘20
357 3291 422 3335 omni
440 3290 503 3335 Mas.
