2210 3834
265 361 319 417 Μ
1001 367 1086 415 lvte

287 535 299 580 1
487 509 604 576 Parme

285 635 301 681 t
485 613 673 697 Entiamue‚
703 615 757 699 qui
785 625 920 681 currunt
949 616 989 681 de
1017 617 1085 704 ipso

286 742 300 788 a
337 714 428 780 Pado
461 717 494 781 in
524 742 610 784 mare
642 741 794 805 magnum
823 717 972 785 Ionicum
1001 718 1085 804 quod

285 844 301 892 4
337 815 541 886 Adiiaticnm
575 821 709 886 dicitur:
744 821 802 886 aed
834 822 990 908 plurimus
1019 824 1084 888 eius

286 951 300 998 5
336 922 427 988 iuxta
448 926 610 990 civitatem
625 925 812 991 Ravennam
834 927 868 989 in
886 926 1083 1013 praedictum

285 1055 300 1100 e
337 1049 424 1091 mere
446 1052 598 1116 magnum
620 1028 809 1116 ingreditur.

285 1157 300 1203 7
381 1129 420 1194 In
442 1133 608 1217 provincie
629 1143 736 1196 eutem
759 1155 854 1216 quem
869 1132 1082 1219 praediximus

285 1261 300 1307 a
337 1232 546 1300 Venetierum
567 1237 747 1321 pertinente
769 1259 809 1300 ex
823 1235 920 1302 Italia
942 1247 1017 1303 sunt
1039 1234 1083 1299 di·

285 1365 300 1409 9
336 1359 430 1403 verse
451 1339 592 1422 flumine,
614 1341 697 1404 inter
719 1349 824 1405 cetera
840 1362 922 1424 quae
938 1341 1082 1406 dicuntur

270 1469 300 1515 10
487 1441 611 1508 Retron
627 1443 714 1528 quod
728 1441 905 1510 Redenovo
921 1443 1082 1510 dicebatur

269 1575 299 1619 11
486 1547 614 1634 Astago

269 1677 300 1724 12
486 1650 601 1716 Brinta

269 1777 324 1827 13'
486 1752 553 1821 Sile

269 1886 300 1930 14
486 1858 660 1945 Liguentia

269 1988 299 2033 15
488 1962 587 2027 Plave

269 2092 299 2136 16
487 2065 732 2132 Teliementum.

339 2220 351 2263 1
380 2217 477 2274 Parma]
496 2219 519 2265 fl.
539 2219 613 2266 Peala
633 2219 697 2278 ch„
723 2235 785 2266 auae
803 2221 896 2268 Parma.
964 2223 978 2267 2
1005 2218 1075 2266 encie-

336 2302 389 2335 mue
413 2288 437 2348 C,
464 2304 526 2336 eune
547 2291 614 2337 Enze
636 2293 684 2337 eive
705 2290 793 2338 Lenze.
865 2294 880 2338 3
909 2285 975 2338 Pado
999 2286 1074 2336 om.B

337 2359 402 2405 editt.
456 2362 470 2406 5
490 2361 559 2407 iuxta
577 2375 621 2407 om.
634 2361 732 2408 Beditt
759 2363 769 2408 ΙΙ
793 2376 897 2408 ravenne
915 2362 944 2408 A.
998 2361 1075 2419 epau

337 2429 470 2488 ingreditur
489 2429 512 2477 0.
538 2432 594 2477 add.
622 2433 651 2478 de
669 2431 808 2479 fluminibus
834 2433 955 2492 provintie
979 2429 1074 2478 venetia·

336 2514 389 2545 rum
410 2515 441 2546 ex
458 2501 535 2560 ytalia
551 2503 693 2562 pertinente.
766 2506 780 2550 8
804 2510 862 2562 poet
879 2509 936 2550 eunt
962 2503 1006 2549 AB
1026 2499 1074 2547 editt

336 2571 391 2616 add.
410 2584 441 2616 ex
459 2572 534 2618 italia.
554 2573 563 2620 ΙΙ
589 2573 684 2620 diversa
701 2588 745 2620 cm.
766 2573 789 2621 C.
849 2575 880 2620 10
908 2573 1009 2630 Retron]
1026 2574 1040 2618 i.
1057 2581 1072 2613 ε.

336 2639 467 2712 ῥεῖθρονς
492 2658 541 2690 unc
563 2658 591 2690 ee
608 2642 686 2705 faesia
708 2659 767 2705 quae
789 2651 844 2690 eant
867 2647 929 2691 inter
947 2645 1034 2691 Padum
1054 2644 1073 2684 tt

335 2710 454 2759 Athesin?
480 2714 490 2758 t
516 2715 580 2773 quod
597 2715 727 2761 Redenovo
746 2715 871 2762 dicebatur
893 2730 938 2761 om.
957 2717 1001 2762 AB
1017 2711 1071 2759 etio.

338 2785 368 2830 11
396 2783 500 2844 Aetago]
523 2788 538 2831 i.
559 2799 578 2830 e.
601 2784 687 2845 Ategia
710 2788 757 2832 eive
779 2785 887 2842 Athesis,
913 2801 976 2832 nune
997 2785 1071 2841 Adigo·

338 2855 369 2900 12
388 2855 484 2913 Brinta]
504 2856 526 2900 fl.
541 2855 661 2902 Brinteeia
673 2857 737 2915 Tae,
749 2871 810 2902 unae
823 2858 918 2903 Brenta.
971 2859 1000 2903 te
1018 2851 1070 2904 Silel

336 2925 360 2970 fl.
372 2923 475 2974 Silerum
489 2927 552 2984 Tae,
567 2925 623 2973 Silis
633 2927 705 2984 Pon„
714 2942 775 2973 ncnc
785 2927 842 2974 Sile.
866 2943 887 2974 v.
899 2928 932 2973 14
947 2933 1003 2988 poet
1013 2941 1032 2972 c.
1042 2920 1069 2968 15

331 2998 402 3054 ponit
422 2995 445 3042 C.
499 2999 530 3043 14
548 2997 668 3057 liguencie
685 2996 707 3056 C,
727 2998 855 3057 Liquentia
883 2999 940 3045 editt
962 3005 988 3044 ut
1008 2995 1068 3046 Pla,

336 3066 360 3110 fl.
379 3066 485 3113 Lieenne
504 3069 568 3125 Tab„
590 3083 650 3113 uuae
669 3069 781 3115 Livenza.
856 3071 885 3115 15
914 3069 999 3125 Plavel
1019 3075 1069 3112 aaut

335 3135 417 3186 Pieve.
474 3140 504 3184 16
532 3139 692 3185 tiliamentum
711 3141 739 3197 A,
764 3139 788 3185 fl.
807 3140 936 3186 Tiliabinte
953 3139 1013 3196 Tae,
1035 3134 1069 3181 Ti·

334 3206 456 3254 laventem
469 3208 541 3267 Pla„
565 3223 626 3254 nune
644 3210 818 3270 Tegliarnento.
844 3211 854 3256 ΙΙ
875 3217 932 3270 poet
950 3210 1068 3257 Taliemeu·

335 3282 386 3324 tum
406 3277 425 3324 O
441 3279 496 3325 add.
516 3281 544 3326 de
562 3279 643 3326 fluviis
661 3282 784 3339 provincie
802 3282 876 3341 ystrie
894 3297 925 3327 ex
943 3281 1014 3343 ytalie
1024 3289 1066 3338 per·

333 3350 432 3395 tinente.
