2242 3838
199 337 253 390 aaa
521 325 523 338 '
823 403 826 410 Ι
939 339 973 386 iv
992 341 1032 386 aa

221 509 233 552 1
305 483 358 554 26.
403 484 525 548 Iterum
553 486 734 570 propinqua
761 485 863 570 ipsius
893 485 1035 549 Turrin-

220 611 234 655 a
275 591 348 676 giae
371 588 544 655 ascribitur
564 589 669 672 patria
683 586 875 670 Suanorum,
898 610 981 672 quae
997 599 1036 653 et

220 714 234 758 a
271 694 503 758 Alamanorum
525 692 631 777 patria
654 691 820 756 confinalis
837 693 947 757 existit
963 692 1036 757 Ita-

220 817 235 860 4
271 798 343 862 liae.
390 818 486 880 quam
498 796 731 860 Alamanorum
745 795 882 880 patriam
897 796 1036 880 plurimi

222 919 236 964 5
279 899 519 986 descripserunt
540 898 735 984 philosophi,
764 897 944 982 exquibus
968 921 1037 984 ego

222 1023 237 1067 a
273 1005 339 1091 legi
361 1003 626 1089 praenominatos
656 1000 838 1066 Anaridnm
869 1012 902 1067 et
929 1001 1039 1067 Elde-

162 1135 168 1152 ·
223 1125 237 1169 ⁷
276 1105 410 1172 baldum
426 1104 609 1172 Gothorum
623 1104 845 1190 philosophos.
890 1105 1038 1171 sednon

222 1230 238 1274 a
275 1209 451 1294 aequaliter
479 1209 656 1294 praefatam
691 1207 943 1294 designaverunt
972 1231 1039 1294 pa-

222 1331 237 1376 9
274 1315 385 1394 triam,
415 1312 473 1377 sed
501 1313 583 1377 alius
607 1310 690 1375 dixit
711 1312 819 1394 aliter,
846 1313 928 1376 alius
951 1335 1038 1375 vero

206 1433 237 1478 10
274 1417 337 1482 alio
360 1414 466 1481 modo.
513 1438 573 1502 ego
605 1424 712 1480 autem
736 1415 914 1480 seeundum
936 1438 1040 1500 prae-

206 1537 236 1581 11
274 1521 378 1585 fatum
409 1517 591 1583 Anaridum
617 1520 877 1603 praenominatae
905 1520 1039 1604 patriae

205 1639 238 1685 12
275 1625 421 1688 civitates
443 1621 615 1686 nominavi.
661 1623 694 1686 in
717 1645 781 1706 qua
802 1623 908 1708 patria
929 1623 1040 1707 pluri-

197 1744 238 1788 -1s
275 1750 343 1792 mas
365 1727 465 1791 fuisse
488 1725 634 1789 civitates
657 1725 813 1812 legimus,
843 1751 883 1791 ex
911 1725 1039 1810 quibus

207 1847 238 1891 14
276 1831 454 1914 aliquantas
477 1827 646 1914 designare
669 1829 828 1910 volumus,
850 1829 885 1894 id
909 1839 958 1895 est

207 1949 238 1994 15
424 1932 569 2019 Ligonas
866 1925 869 1931 ’

207 2053 237 2096 16
423 2036 572 2100 Bizantia

208 2155 238 2198 17
296 2168 298 2172 ’
425 2139 553 2204 Nautes

208 2259 239 2304 18
427 2241 619 2307 Mandroda.

208 2363 239 2407 19
319 2347 403 2412 Item
425 2347 516 2410 iuxta
531 2369 628 2432 supra
643 2347 798 2433 seriptum
816 2347 949 2411 fluvium
965 2346 1039 2412 Re-

207 2467 239 2511 no
277 2475 354 2515 num
378 2460 453 2515 sunt
474 2450 630 2534 plurimae
654 2451 812 2533 civitates,
833 2449 869 2515 id
891 2459 941 2516 est

277 2614 307 2660 de
325 2613 403 2672 patria
421 2626 549 2659 suavorum
567 2625 628 2670 quae
647 2618 671 2658 et
689 2611 869 2658 alamannorum
887 2618 925 2659 est
941 2616 1037 2672 patria.

279 2687 291 2730 1
312 2684 443 2742 turringine
455 2683 483 2740 A,
502 2683 602 2742 turrigie
615 2683 645 2740 B,
664 2683 794 2742 Turingiae
806 2683 871 2729 editi.
927 2685 941 2730 6
960 2698 1039 2742 prae-

277 2757 340 2801 fatos
360 2753 384 2801 0.
408 2754 418 2799 ΙΙ
437 2755 572 2799 utanarium
590 2754 641 2810 AB,
661 2752 721 2799 olibi
738 2753 920 2810 Athanaridum‚
944 2753 1038 2802 Aitha-

277 2825 387 2872 naridum
405 2831 449 2870 eto.
476 2825 486 2870 ll
512 2829 536 2870 et
554 2838 597 2869 om.
619 2822 643 2870 0.
698 2823 841 2882 8equalter
857 2825 888 2870 Β.
944 2826 1035 2882 asad}

278 2898 320 2942 sed
338 2902 363 2942 et
380 2897 423 2941 AB
442 2895 506 2940 editi.
570 2895 600 2939 10
627 2896 762 2954 praefatum
780 2909 826 2940 om.
848 2893 871 2940 C.
933 2896 963 2941 15
991 2895 1038 2942 Li-

279 2970 366 3025 gonas]
387 2981 418 3011 aa
435 2965 557 3025 Lingones
576 2962 827 3024 (Andomatunnum)?
887 2966 919 3011 16
947 2966 1037 3012 bizan-

210 3055 213 3064 ·
279 3037 316 3082 cia
330 3036 354 3094 0,
373 3037 486 3082 Bizuntia
498 3035 562 3093 aditi,
576 3035 718 3081 Visontione
727 3035 792 3094 Ant,
810 3035 941 3082 Vesontine
958 3037 1038 3082 Tau?

280 3109 310 3153 17
331 3107 435 3163 Nautes]
455 3106 606 3169 „Nantuates
623 3105 731 3165 intellige
748 3106 788 3152 vel
805 3106 922 3152 Nasinm“
942 3107 1034 3154 Porch.

282 3179 312 3224 18
330 3178 473 3234 Mandrodal
486 3177 706 3236 Epamanduodnro
716 3177 780 3234 Aut,
791 3177 952 3236 Epomaudno
965 3178 1036 3234 Tab.;

278 3248 347 3294 hodie
364 3249 503 3294 Mandeure.
551 3249 582 3293 19
601 3247 760 3307 prescriptum
780 3246 804 3293 0.
831 3249 841 3294 ΙΙ
867 3248 968 3294 fluvium
987 3263 1036 3296 om.

281 3317 300 3366 C
315 3319 381 3365 editi.
435 3320 468 3364 20
486 3318 603 3378 plurimae
620 3332 665 3364 om.
684 3319 728 3364 AB
746 3318 810 3364 aditi.
