2242 3838
256 497 266 540 1
308 473 436 536 civitate
459 494 540 554 quae
564 469 681 535 dieitur
703 470 945 552 Rinoeuronon‚
974 494 1059 554 quae

254 599 267 642 2
305 576 445 660 pertinet
468 599 507 638 ex
530 576 634 659 patria
656 575 809 661 Aegypti.

254 703 268 747 6
349 677 405 742 Ad
418 689 542 764 partem
556 701 632 746 vero
648 677 856 743 meridianam
871 677 971 742 habet
987 679 1057 763 ipsa

254 805 269 848 4
305 783 409 868 portio
434 779 537 847 Cham
558 783 656 847 finem
680 779 847 847 Oceanum
870 781 927 866 qui
948 782 1059 868 tangit

254 907 268 952 6
306 887 510 971 Aethiopiam
552 886 804 952 Auxumitanam
848 881 1060 950 Candaoissis

254 1015 268 1058 6
305 988 597 1075 Troglodytorum,
634 990 839 1075 Aethiopiam
877 987 1057 1054 Garaman-

254 1117 268 1160 7
304 1094 402 1173 tium,
436 1092 643 1178 Aethiopiam
670 1092 867 1173 BiboblatiS‚
897 1091 1058 1155 Maurita-

254 1221 268 1263 a
305 1196 391 1259 niam
405 1195 534 1261 Perosis
558 1206 590 1261 et
605 1195 834 1260 Mauritaniam
848 1195 933 1281 Egel
952 1217 1060 1277 usque

254 1322 269 1365 a
306 1298 347 1363 ad
368 1299 485 1363 fretum
507 1299 595 1382 quod
626 1300 811 1364 multotiens
834 1297 975 1364 diximus
1001 1295 1059 1362 Se-

238 1425 268 1467 10
304 1401 590 1490 ptemgaditanum.

236 1526 266 1570 11
349 1505 405 1570 Ad
425 1515 549 1591 partem
571 1504 852 1591 septentrionalem
872 1503 971 1568 habet
986 1505 1059 1589 ipsa

237 1629 267 1674 12
304 1611 410 1696 portio
433 1607 537 1674 Cham
564 1609 661 1674 finem
687 1608 783 1672 maris
812 1607 939 1695 magni,
968 1606 1060 1691 quod

237 1731 267 1777 16
304 1715 395 1778 iuxta
420 1714 515 1778 litora
537 1713 707 1798 navigatur
734 1734 791 1796 per
817 1721 921 1776 totum
943 1711 1061 1797 Aegy-

238 1839 269 1882 14
306 1826 398 1903 ptum
412 1827 444 1882 et
454 1816 685 1881 Mauritaniam
693 1812 910 1900 Cyrenensem
922 1814 1060 1878 etMau-

236 1943 267 1988 16
305 1922 454 1986 ritaniam
465 1921 671 2006 Tingitanam
693 1927 725 1982 et
741 1919 973 1983 Mauritaniam
990 1916 1060 1983 Ga

236 2047 267 2092 16
306 2025 448 2090 ditanam
462 2045 563 2108 usque
580 2023 707 2108 saepius
723 2022 921 2086 nominatum
936 2021 1059 2086 fretum

236 2151 266 2193 17
304 2126 633 2214 Septemgaditanum.

307 2319 317 2362 l
330 2330 498 2362 runoouronon
510 2315 533 2372 C,
544 2315 692 2361 Rinooorura
701 2313 764 2372 editi,
775 2314 935 2360 Rinoooruros
946 2315 1000 2360 116
1014 2316 1057 2372 18,

304 2387 467 2433 Rinoeururon
487 2385 537 2432 V7
557 2392 579 2432 et
597 2387 638 2432 16.
704 2386 718 2430 1
743 2390 799 2443 poet
816 2384 921 2444 Aegypti
948 2383 968 2430 C
988 2386 1059 2432 addit
1119 2383 1120 2386 ’

246 2485 250 2492 ·
304 2461 334 2504 de
352 2457 439 2503 finibus
458 2458 539 2503 affrice
562 2458 593 2502 ad
616 2462 708 2516 partem
726 2456 889 2500 meridianam.
955 2455 969 2501 ir
1000 2471 1059 2502 can-

304 2528 420 2574 danoissis
439 2529 469 2586 Β,
495 2529 653 2574 candentissis
671 2527 699 2583 A,
729 2526 870 2572 candatissis
890 2524 913 2571 0.
972 2528 986 2572 6
1008 2534 1058 2573 tro-

304 2599 450 2659 gloditarum
477 2600 533 2657 AB,
570 2597 764 2657 Trogloditarum
791 2596 855 2641 editi.
928 2599 942 2642 7
974 2597 1059 2644 biblo·

208 2693 209 2696 ¹
303 2671 376 2717 blatis
394 2670 424 2728 B,
443 2669 580 2716 Biblobatis
595 2667 613 2715 Ο
623 2669 687 2714 editi.
744 2663 811 2713 7&8
831 2668 976 2713 mauritania
989 2669 1056 2725 (bia)

303 2741 355 2787 AB.
410 2742 424 2786 9
444 2741 567 2787 multoties
585 2740 649 2785 editi.
700 2740 730 2785 10
746 2744 802 2796 post
815 2737 1057 2798 Septemgaditanum

306 2811 403 2873 Gaddit
421 2812 450 2857 de
469 2812 556 2857 finibus
575 2811 655 2856 affrice
674 2811 705 2855 ad
724 2814 815 2870 partem
833 2809 1057 2868 septentrionalem.

307 2884 335 2928 11
356 2881 566 2941 septentrionalem
578 2885 669 2939 partem
685 2879 708 2926 0.
766 2881 796 2925 12
815 2880 898 2938 porcio
920 2878 943 2925 C.
964 2880 974 2924 ΙΙ
990 2895 1057 2926 mare

303 2957 416 3012 magnum
436 2953 462 2998 G.
529 2953 559 2996 13
578 2956 654 2996 totam
674 2949 701 2996 G.
764 2946 862 2996 14&15
883 2951 1057 2996 mauritoniam

304 3027 370 3080 (ter)
383 3025 411 3068 A.
468 3024 499 3068 14
525 3021 699 3082 Cyrenensem]
717 3023 751 3066 aio
771 3020 854 3077 Gurdo,
882 3022 1007 3068 eironense
1027 3023 1055 3077 A,

304 3093 451 3140 oirononsem
466 3093 490 3151 0,
510 3105 663 3152 cyrenensem
676 3093 698 3137 B
711 3091 774 3136 editi.
803 3091 812 3136 ΙΙ
838 3094 958 3150 sequentia
966 3091 1057 3150 paullo

304 3163 398 3209 uberius
413 3171 502 3209 tractat
522 3163 604 3210 Gaido.
633 3162 642 3208 ll
669 3169 692 3208 et
706 3168 763 3220 port
776 3160 935 3221 Cyrenensem
953 3176 997 3207 om.
1013 3161 1059 3208 BC

303 3234 368 3280 editi.
425 3237 455 3280 17
475 3235 679 3294 septeeaditanum
704 3232 728 3279 0.
756 3233 766 3278 ΙΙ
786 3239 844 3290 post
861 3230 1056 3292 Septemgadita·

303 3320 360 3351 num
381 3304 399 3351 G
415 3306 483 3351 addit
501 3307 530 3351 de
548 3305 636 3352 finibus
655 3305 735 3350 affrice
753 3304 784 3350 ad
803 3317 927 3350 occasum.-

1116 173 1120 242 l

235 324 286 377 166
963 310 1001 372 1'11
1024 325 1056 374 ra
