2242 3838
257 484 426 552 Suscilone

259 587 459 658 Carcassona

258 691 494 761 Caucholiberi.

152 795 234 861 Item
255 798 333 863 litus
355 823 443 864 mare
471 800 563 865 iuxta
584 823 682 887 supra
704 800 856 885 scriptam

113 900 271 965 civitatem
304 924 386 986 quae
414 903 531 969 dicitur
559 905 671 969 Fossis
700 903 856 968 Marianis

114 1011 159 1068 cst
182 1004 295 1069 civitas
318 1027 400 1089 quae
423 1006 542 1072 dicitur

258 1105 384 1191 Galum,
406 1111 484 1175 item
507 1111 620 1176 civitas

257 1210 379 1277 Latara

259 1312 462 1380 Sestantione

258 1418 352 1505 Agae
376 1417 601 1485 Convenarum

258 1521 382 1586 Burrea

260 1623 368 1689 Abate

261 1727 387 1794 Rusino

258 1832 353 1918 Agae
376 1831 509 1896 calidae.

113 1983 124 2028 1
143 1982 273 2030 Ruscilune
292 1983 362 2040 edita·
381 1982 415 2044 cs.
434 1983 569 2030 Ruscinone
588 1985 608 2030 V
624 1985 647 2043 3,
666 1983 784 2031 Buscione
802 1987 857 2030 Ant.

113 2053 166 2100 raa.
240 2054 254 2099 2
283 2067 412 2100 carcasona
430 2053 473 2101 BC
489 2055 558 2111 editi,
588 2055 734 2102 carcassona
756 2055 858 2112 Hieros„

110 2123 264 2171 carcassione
286 2123 341 2170 Tac.
414 2126 428 2169 3
457 2125 610 2171 caucholiber
635 2125 661 2183 C,
691 2125 859 2182 „Cancoliberi

109 2196 133 2241 in
154 2195 274 2254 Hispania
292 2195 463 2241 Tarraconensi
486 2197 568 2254 passio
590 2195 615 2246 S.
628 2197 766 2242 Vincentii“
790 2197 859 2242 Mar·

110 2265 179 2326 tyrol.
197 2267 265 2311 Rom.
283 2279 331 2312 xm
349 2265 395 2312 cal.
414 2266 507 2323 Maium
525 2266 678 2313 Caucoliberi
696 2273 800 2313 castrum
811 2266 859 2325 Py-

11 2313 13 2348 i
108 2338 229 2383 renaioum
257 2339 282 2382 ia
313 2337 368 2382 hiat.
392 2337 509 2394 Wambae,
535 2339 660 2384 Ducteenc
689 2337 743 2383 hiat.
770 2337 858 2384 Fruar.

108 2409 201 2466 scripta
226 2408 241 2452 1
263 2407 312 2453 825
334 2413 356 2453 et
374 2407 438 2465 832,
462 2410 517 2453 item
534 2410 559 2454 in
581 2408 710 2467 diprlomatc
732 2409 789 2454 aaut
809 2407 857 2452 981

108 2478 171 2536 opud
188 2478 285 2524 Petram
304 2478 332 2524 de
350 2479 449 2536 Marcu,
472 2479 559 2525 Marco
583 2480 643 2538 hisp.
658 2495 685 2538 p.
700 2479 765 2537 925,
790 2484 812 2524 et
835 2479 860 2522 in

11 2591 12 2612 p
109 2554 245 2594 testamento
255 2549 336 2594 iacobi
345 2551 409 2609 repis
417 2552 561 2610 Araqoaum,
576 2551 632 2596 ibid.
644 2551 720 2609 p.23.
775 2551 790 2596 4
810 2563 860 2595 ma-

107 2619 139 2665 ris
156 2619 223 2664 editi.
251 2619 260 2664 ΙΙ
285 2620 368 2676 iuxta]
387 2620 460 2666 suisti
475 2623 503 2677 A,
532 2621 627 2668 finstam
645 2622 675 2666 B.
730 2622 744 2666 6
773 2625 809 2666 ast
827 2620 860 2664 ei·

11 2709 12 2720 π
107 2690 169 2736 vitas
192 2703 238 2736 om.
258 2690 286 2735 A.
315 2690 325 2736 ΙΙ
351 2697 405 2735 anta
427 2703 487 2748 quae
505 2692 528 2736 B
546 2691 601 2737 add.
626 2705 669 2750 per
692 2705 763 2751 quam
787 2691 860 2749 septi·

12 2809 13 2822 χ
107 2773 202 2806 manem
219 2761 367 2818 provintiam
384 2766 515 2819 transeunt,
534 2764 555 2806 A
568 2763 623 2808 add.
642 2776 685 2822 per
703 2776 775 2821 quam
787 2762 860 2819 septi-

108 2845 202 2876 manam
214 2831 364 2889 provinciam
381 2833 468 2878 transit
479 2832 574 2889 fluvius,
593 2831 627 2893 ef.
642 2833 694 2880 246
713 2834 737 2879 1.
760 2832 770 2878 ΙΙ
791 2834 859 2890 quaa]

12 2913 13 2972 p
109 2902 149 2960 qni
168 2903 201 2958 A,
232 2901 295 2960 qB.
364 2903 377 2947 7
407 2901 492 2948 Galum
516 2906 586 2948 etiam
604 2905 624 2950 V
639 2904 664 2950 3.
730 2905 745 2949 8
773 2902 862 2949 Latara

108 2974 178 3017 etiam
202 2971 222 3017 V
242 2971 273 3028 3‚·
304 2970 355 3018 alia
379 2978 413 3018 est
439 2972 543 3020 Lactora
573 2974 637 3031 Tab„
674 2974 778 3020 Lactura
804 2973 859 3020 Ant.

12 3021 13 3092 i
110 3043 124 3088 8
143 3041 301 3090 Sextantione
319 3043 340 3088 V
354 3042 371 3088 3
389 3049 415 3089 ut
426 3045 490 3101 Ant,
510 3043 664 3092 Sostantione
681 3046 785 3102 Hieron,
806 3043 861 3093 Ser·

12 3143 13 3166 q
108 3113 201 3159 taciano
217 3113 291 3160 Tot!
345 3115 376 3160 10
395 3128 440 3174 age
453 3129 611 3161 convenarum
629 3114 678 3173 Bc,
697 3115 782 3174 Aquae
797 3113 861 3162 Con·

107 3185 215 3230 varentia
228 3185 250 3230 V
259 3184 283 3242 3,
296 3183 374 3243 Aquis
384 3184 551 3232 Convenarum
563 3187 618 3231 Ant.
658 3187 688 3232 11
707 3187 795 3233 Burret
805 3185 827 3231 V
836 3183 859 3230 3.

12 3239 13 3292 i
112 3255 142 3302 12
160 3255 251 3312 Abatel
272 3257 320 3301 eius
339 3254 390 3302 loco
408 3257 539 3302 succidetur
551 3257 630 3316 Buget
645 3257 667 3303 V
682 3257 706 3302 3.
763 3258 793 3302 18
812 3255 861 3301 Ru·

109 3325 161 3371 sinc
178 3328 249 3372 etiam
266 3325 288 3371 V
303 3326 328 3371 3.
385 3327 416 3373 14
441 3341 485 3386 age
503 3327 580 3374 calide
598 3326 647 3386 BC,
666 3328 750 3389 Aquae
769 3326 860 3374 calidae

114 3395 174 3453 Va,
197 3397 239 3442 aad
256 3399 324 3442 iuxta
341 3396 485 3444 Ruscinone.
