2210 3834
275 468 387 532 Turris
410 464 559 532 Caesaris

274 571 409 634 Dixium

277 673 423 760 Ignatiae

275 775 453 863 Speluncas
544 804 545 808 ¹

275 879 427 944 Brindiee

275 985 437 1048 Baletium

275 1088 398 1172 Lupias

277 1190 462 1255 Ydrontum

277 1295 472 1359 Minervium

268 1398 433 1466 ,Veretum

276 1496 436 1566 Baletium

278 1605 436 1670 Neretum

279 1708 449 1774 Manduris

134 1969 144 2010 l
164 1965 245 2011 Turris
264 1963 372 2012 Caesarie
391 1968 460 2010 etiam
480 1967 528 2011 261
551 1967 573 2024 6,
592 1965 664 2011 turris
682 1966 768 2011 seueris
780 1965 809 2022 B,
829 1971 878 2010 tur-

131 2035 162 2082 ris
182 2035 271 2084 cesaris
294 2049 354 2095 quae
378 2049 442 2082 nune
464 2037 612 2096 pelimmum
636 2035 663 2082 G.
741 2035 756 2081 2
784 2036 878 2082 dixium

131 2105 169 2152 vel
186 2107 274 2153 dirium
294 2106 322 2162 G‚·
350 2105 383 2166 cf.
397 2107 446 2152 261
473 2111 495 2152 7.
560 2109 573 2154 3
603 2107 694 2166 ignatio
712 2105 760 2163 BG,
790 2104 879 2152 Gnatia

133 2177 180 2222 261
201 2179 224 2234 8,
253 2177 395 2236 nugantium
416 2177 443 2222 G.
502 2182 517 2223 4
546 2176 677 2236 Speluncas
696 2179 765 2222 etiam
784 2177 833 2222 261
855 2177 878 2236 9,

131 2247 244 2306 spelunea
268 2247 296 2293 G.
333 2247 342 2293 ΙΙ
381 2255 438 2306 poet
462 2245 595 2307 Speluncas
616 2246 733 2292 nonnulla
754 2247 823 2294 addit
851 2247 878 2294 G.

132 2319 145 2364 5
173 2318 329 2364 Brendesium
343 2318 392 2363 261
413 2319 455 2375 10,
474 2319 624 2365 brundisium
638 2318 665 2363 G.
692 2319 702 2364 ΙΙ
726 2331 798 2376 super
810 2316 880 2365 Brin-

131 2387 491 2435 dieeGudd.velb1inteeium.
528 2391 542 2435 6
556 2389 675 2434 Baletium
688 2391 758 2434 etium
772 2389 822 2436 261
837 2390 878 2447 11,

130 2459 250 2506 Baleitum
270 2460 342 2506 Groa.
356 2461 380 2518 2,
398 2459 504 2506 veletum
522 2459 561 2506 vel
573 2459 704 2506 valentium
718 2473 779 2518 quae
792 2468 816 2506 et
829 2474 880 2506 car·
958 2500 963 2509 .

129 2531 222 2588 pinium
241 2529 269 2576 G.
326 2529 437 2578 71ubiue
450 2531 495 2577 AB
512 2531 576 2588 editi,
595 2530 674 2589 Lupia
686 2530 738 2576 262
757 2533 781 2588 1,
800 2531 880 2576 lubies
973 2553 975 2555 ·
1070 2562 1074 2569 -

130 2601 170 2646 ubi
188 2613 253 2646 nune
271 2605 309 2646 est
325 2599 434 2658 calipolis
453 2601 481 2659 G,
500 2601 542 2646 aed
559 2600 608 2646 ulio
629 2599 689 2647 locu.
744 2603 759 2647 8
786 2600 880 2646 Ydron-

129 2675 179 2717 tum
198 2673 270 2716 etiam
283 2670 335 2716 262
354 2671 378 2726 2,
397 2673 500 2730 ydra-nto
514 2671 565 2727 AB,
583 2671 691 2717 Ydronto
704 2672 768 2728 editi,
787 2671 880 2716 Ydron-

42 2770 45 2774 -
129 2747 168 2787 tus
196 2741 224 2787 G.
299 2742 312 2786 9
340 2741 484 2786 Minervium
512 2741 582 2787 etiem
610 2741 661 2786 262
685 2742 723 2799 6,·
737 2741 880 2788 minervium

131 2812 215 2871 [saper
226 2813 294 2858 vium
307 2813 389 2870 prima
400 2825 463 2856 maa.
476 2810 532 2857 add.
545 2810 584 2856 vel
596 2811 642 2870 ba)
664 2810 688 2868 G,
707 2813 816 2858 minerba
828 2813 878 2870 AB,

130 2882 240 2929 Minerva
258 2883 322 2940 editi,
341 2883 477 2928 minervum
497 2881 525 2927 G.
582 2882 612 2927 lu
637 2889 744 2929 veretum
762 2885 847 2942 (super
864 2898 880 2928 v

127 2967 167 3010 pr.
179 2967 243 2998 man.
256 2953 311 3003 add.
324 2953 364 2998 vel
377 2953 408 3012 b)
424 2951 447 3010 0,
466 2953 600 2998 uerentium
612 2953 642 3006 Β,
661 2951 772 2998 Beretum
785 2953 836 2998 262
855 2953 879 3008 4,

132 3023 225 3070 beretos
249 3037 310 3083 quae
333 3038 395 3069 nunc
417 3022 486 3070 leuca
505 3021 532 3069 G.
607 3023 637 3068 11
666 3021 785 3070 Baletium
811 3026 881 3070 etium

132 3093 183 3140 262
202 3095 227 3151 6,
254 3093 372 3141 Baletium
396 3095 482 3154 (saper
499 3094 514 3140 b
530 3107 654 3151 prumea.
673 3093 728 3140 add.
745 3093 785 3140 vel
803 3094 830 3154 a)
856 3093 880 3152 G,

132 3164 245 3210 telettum
262 3165 295 3222 A,
321 3164 432 3212 salutum
450 3165 472 3210 B
490 3163 554 3210 editi.
621 3164 652 3209 12
680 3163 793 3210 Neretum
811 3167 881 3211 etiam
916 3214 918 3218 ,

101 3228 103 3232 ’
134 3235 184 3281 262
203 3234 227 3282 7.
285 3237 314 3282 16
342 3235 467 3282 Manduria
484 3233 620 3280 6111161262
640 3234 662 3280 8.
