2314 3840
17 255 18 258 ’
78 273 114 322 11
877 269 904 320 '3

17 435 18 490 ὲ
94 445 105 488 1
140 419 238 484 libris
264 416 327 482 sub
351 416 525 480 multorum
540 415 767 500 imperatorum
782 424 906 500 tempo-

92 547 106 591 2
141 522 238 586 ribus
267 519 411 585 mundus
440 521 499 584 iste
530 519 710 604 descriptus
748 527 806 582 est.
857 519 905 584 sic

93 651 107 695 a
145 627 235 689 enim
251 625 298 688 ait
313 614 445 706 quidam
458 623 721 709 philosophorum
746 621 904 703 „Romani

93 753 109 798 4
144 739 215 793 tam
230 751 290 814 per
305 727 495 812 sapientiam
508 726 662 811 plurimos
674 725 903 810 amplectentes

95 857 108 900 a
146 855 247 916 quam
278 829 464 894 muneribus
491 829 690 894 oblectantes
717 851 776 892 seu
808 829 903 892 armis

97 961 110 1005 s
147 933 351 999 debellantes
366 936 470 998 totum
491 932 646 998 mundum
662 931 724 996 sibi
739 931 903 997 subditum
967 955 971 961 ·

98 1063 111 1107 ⁷
148 1039 260 1102 multis
276 1039 422 1101 fecemmt
436 1035 665 1121 temporibus,“
708 1034 795 1118 quod
810 1043 842 1099 et
856 1045 904 1098 te-

98 1167 112 1211 8
150 1149 256 1205 statur
285 1139 364 1204 mihi
393 1148 540 1204 sanctum
571 1137 692 1204 Christi
720 1137 772 1202 dei
800 1138 903 1202 nostri

100 1270 114 1313 s
151 1243 355 1330 evangelium
371 1242 481 1307 dicens
507 1243 604 1324 „exiit
620 1242 761 1306 edictum
777 1241 818 1307 ab
833 1242 904 1305 Au·

85 1371 114 1416 10
150 1356 247 1433 gusto
264 1343 403 1410 Caesare
426 1355 462 1409 ut
485 1345 720 1410 describeretur
734 1346 902 1410 universus

85 1479 113 1522 ιι
150 1449 268 1514 orbis.“
316 1448 374 1514 sed
396 1459 429 1514 et
451 1449 598 1514 doctrina
620 1458 804 1512 sanctorum
827 1471 903 1534 apo-

84 1581 114 1625 12
150 1553 307 1619 stolorum
334 1575 393 1638 per
413 1562 518 1617 totum
541 1551 707 1638 divulgata
736 1561 785 1617 est
809 1576 903 1618 mun-
979 1573 986 1582 ·

86 1684 115 1730 ta
150 1656 244 1738 dum,
281 1655 548 1740 quemadmodum
583 1656 738 1740 scriptum
769 1665 818 1721 est
848 1657 924 1738 „in

85 1787 115 1831 14
149 1783 278 1826 omnem
299 1770 418 1825 terram
440 1760 539 1824 exivit
560 1781 658 1824 sonus
681 1783 791 1824 eorum
814 1761 902 1824 etin

85 1889 114 1934 15
148 1865 230 1930 fines
253 1863 340 1928 orbis
362 1872 466 1928 terrae
488 1862 588 1927 verba
603 1867 743 1927 eorum.“
775 1886 850 1928 nam
864 1873 902 1928 ut

85 1995 113 2040 1⁶
148 1967 362 2052 praelibatum
385 1975 444 2048 est,
467 1963 596 2030 Christo
619 1989 678 2030 nos
701 1967 830 2032 iuvante
853 1967 902 2032 di-

84 2097 113 2140 17
147 2094 242 2136 versa
265 2071 415 2136 subtilius
444 2069 486 2134 ad
514 2069 710 2134 narrandum
738 2080 812 2135 tuae
835 2072 901 2135 ius-

83 2200 112 2244 18
149 2175 232 2238 sioni
252 2173 384 2258 pareb0,
407 2175 441 2237 ni
462 2173 565 2254 fallor,
589 2174 652 2237 nisi
666 2175 773 2238 variae
788 2183 900 2260 gentes

82 2301 112 2345 rs
150 2300 209 2341 sua
229 2300 307 2362 prae
329 2279 428 2342 nimia
456 2276 606 2362 superbia
636 2279 900 2362 concupiscentes

81 2403 112 2448 ac
150 2381 269 2445 alienas
293 2390 349 2444 aut
370 2381 516 2444 meliores
543 2381 663 2465 patrias
687 2390 743 2444 aut
764 2382 900 2446 fortasse

82 2509 113 2552 21
149 2482 190 2548 ab
219 2485 290 2548 aliis
318 2483 502 2548 nationibus
537 2485 697 2570 graviter·
714 2483 852 2549 afflictae
880 2509 901 2548 a

82 2611 113 2656 aa
148 2588 285 2672 propriis
308 2587 482 2672 cespitibus
508 2596 737 2652 transmetatae
760 2598 900 2670 suntet,

152 2746 164 2789 l
183 2751 241 2803 post
252 2745 321 2790 libris
333 2744 421 2791 Porclt.
434 2745 501 2791 addit
514 2745 641 2804 [legimusl.
705 2747 718 2791 2
744 2747 786 2802 sic]
800 2736 900 2791 sicutrl.

151 2816 165 2860 3
183 2813 295 2878 Romani]
307 2815 433 2872 „Romani,
444 2821 472 2861 ut
481 2817 515 2862 ait
524 2812 678 2874 lamblichus,
692 2818 762 2863 armis
773 2821 797 2862 et
806 2815 901 2876 legibus

150 2891 286 2932 exercentes
301 2900 365 2944 sese,
383 2887 464 2932 orbem
480 2891 556 2932 terrae
573 2901 641 2932 suum
660 2889 783 2932 fecerunt“
801 2887 899 2932 lordaa.

150 2955 254 3017 derepit.
272 2971 371 3002 saccus.
390 2958 415 3002 1.
474 2959 488 3002 7
511 2961 535 3002 et
552 2963 653 3002 testatur
671 2958 738 3013 mihi]
758 2962 858 3003 testatur
876 2964 900 3004 et

149 3027 171 3071 B
188 3027 253 3072 editi.
326 3029 340 3074 8
368 3027 444 3074 nostri
463 3041 507 3072 om.
520 3028 542 3072 B
560 3027 624 3073 editi.
698 3029 712 3072 9
741 3027 899 3088 evangelium}

149 3097 204 3143 Lac.
226 3099 284 3143 21.
367 3099 397 3143 11
428 3105 513 3143 etom.
532 3099 555 3142 B
574 3098 638 3148 editt.
725 3099 756 3143 13
785 3100 900 3157 scriptum

149 3171 192 3224 est}
210 3167 299 3214 Psalm.
317 3169 351 3214 18
369 3169 394 3214 5.
478 3171 508 3214 19
536 3171 601 3228 prae]
621 3181 664 3228 pro
682 3167 712 3213 B.
785 3169 817 3214 22
847 3183 900 3215 cae·

151 3239 252 3296 spitlbus
270 3239 335 3285 editi.
353 3239 363 3285 ll
378 3244 536 3286 transmeatae
553 3238 640 3284 Porct.

717 3318 746 3360 lt
