2314 3840
97 295 111 342 1
133 295 169 342 ιο
451 312 457 316 -
893 291 928 346 ³7

120 465 133 508 1
179 439 246 503 exit
268 438 308 502 de
331 439 411 503 mari
431 431 550 526 ¹magno
570 437 708 502 Pontico
730 438 764 502 in
785 439 930 525 Propon-

120 566 136 610 ο
177 541 257 607 tide.
325 542 498 627 Aethiopia
535 551 642 606 autem
675 543 806 627 ponitur
844 543 930 607 eirca

121 667 136 712 3
167 642 305 710 Oceani
326 645 412 710 litus.
459 667 539 729 quae
554 645 718 730 Bithynia,
740 645 792 709 vel
815 646 843 710 si
864 668 930 711 me-

119 765 158 814 4'
179 748 234 812 dio
255 749 428 834 propositis
450 748 559 813 multis
581 748 710 813 milibus
734 749 857 833 spatiis,
881 757 930 813 ta-

123 871 138 917 5
178 874 253 916 men
281 859 370 916 recto
398 852 512 914 itinere
542 850 584 916 ad
605 850 760 916 Arabiam
788 851 928 937 respicit.

123 974 138 1020 o
179 963 212 1018 et
233 955 285 1018 vel
308 977 327 1018 a
348 955 491 1040 sapiente
506 955 627 1018 viatore
643 953 769 1037 doctus,
792 955 930 1040 oinqui-
972 1013 974 1016 .

123 1077 138 1122 7
178 1059 269 1141 sitor,
296 1057 391 1123 crede
420 1055 507 1142 quod
535 1067 655 1141 quanto
682 1058 785 1144 magis
813 1065 863 1122 est
882 1055 930 1122 di-

123 1177 139 1223 s
179 1161 335 1226 latissima
357 1161 438 1225 Asia
469 1182 564 1244 quam
593 1183 690 1247 supra
719 1161 840 1246 scripta
864 1159 931 1224 Eu-

124 1281 139 1326 9
179 1287 270 1350 ropa,
292 1275 325 1329 et
346 1274 425 1328 tune
448 1263 664 1328 animadverte
688 1263 774 1348 quod
797 1286 816 1327 a
837 1263 930 1328 nobis

106 1385 140 1428 ro
179 1365 310 1432 Christo
339 1368 511 1431 auxiliante
539 1369 707 1431 universae
732 1367 855 1452 patriae
876 1389 931 1430 ve-

106 1489 138 1532 11
178 1471 296 1534 raciter
319 1469 505 1556 designatae
528 1479 613 1535 sunt.

106 1593 140 1639 12
214 1571 263 1642 17.
308 1573 380 1638 Nos
403 1572 540 1657 denique
561 1574 706 1638 volumus
723 1570 853 1638 Christo
873 1595 930 1638 no-

106 1695 140 1741 13
178 1675 229 1742 bis
251 1677 425 1741 auxiliante
447 1677 600 1762 plurimas
631 1677 776 1740 civitates
798 1677 850 1740 vel
871 1676 931 1740 flu-

55 1865 58 1872 ,
106 1803 138 1847 14
178 1780 353 1844 minatam
376 1781 463 1844 circa
484 1781 560 1844 litus
584 1789 720 1864 quatuor
737 1779 930 1866 principales

107 1905 140 1950 ιο
180 1883 281 1948 collos
304 1884 400 1948 maris
425 1882 602 1970 designare,
624 1881 659 1946 id
682 1890 731 1946 est

107 2009 140 2054 ro
222 1985 367 2050 Primum
391 1987 508 2050 colfum
530 1986 733 2068 orientalem,
760 1986 815 2071 qui
837 1987 931 2051 remi-

106 2113 139 2159 17
180 2098 276 2176 gatar
297 2090 388 2152 iuxta
408 2089 485 2152 litus
508 2090 604 2154 maris
622 2089 662 2153 ab
679 2088 877 2154 Alexandria
899 2099 931 2154 et

106 2219 140 2264 18
180 2192 268 2278 Tyro
292 2201 324 2262 et
346 2189 467 2273 Sidone
489 2214 591 2275 usque
605 2191 771 2275 Laodicia,
794 2192 850 2256 ubi
872 2193 932 2258 flu-

2 2343 3 2378 3
106 2323 140 2368 19
178 2296 250 2360 vius
274 2293 418 2360 Orientis
441 2296 495 2378 qui
517 2297 605 2373 yenit
628 2293 668 2359 de
690 2293 785 2381 Syria
806 2319 865 2382 per
887 2299 932 2361 oi-

2 2385 3 2392 *
105 2425 140 2469 20
178 2399 311 2462 vitatem
341 2398 537 2463 Arethusam
564 2399 597 2462 in
626 2421 713 2462 mare
741 2397 931 2486 ingreditur,

105 2528 136 2573 οι
179 2502 288 2588 girans
317 2502 386 2587 ipse
416 2502 600 2566 orientalem
624 2503 742 2566 oolfum
765 2525 866 2586 usque
889 2504 931 2567 ad

105 2633 140 2678 οἳ
177 2604 354 2690 Ephesum.

106 2735 141 2780 rs
223 2705 409 2774 Secundum
439 2709 557 2773 oolfum
579 2707 770 2790 Ponticum,
800 2709 856 2793 qui
881 2733 932 2774 re-

180 2835 194 2880 8
224 2833 312 2880 bitinia
334 2834 363 2879 Β.
436 2835 452 2880 4
478 2837 620 2894 praepositis
643 2835 672 2881 B.
752 2835 931 2896 ltprincipa-

177 2905 212 2950 lia
231 2903 322 2950 colfora
339 2905 361 2950 Β
379 2903 443 2950 editi.
499 2906 530 2950 16
559 2906 647 2952 collum
666 2920 710 2951 om.
730 2906 758 2952 Α.
821 2907 852 2952 17
880 2921 932 2953 ma-

178 2976 211 3022 ris
239 2989 283 3020 om.
312 2975 377 3020 editi.
468 2975 499 3021 18
528 2977 618 3034 sydone
645 2976 675 3022 B.
705 2975 716 3021 ΙΙ
750 2978 875 3035 usquead
901 2979 931 3024 A.

178 3045 303 3091 tllaoditia
321 3045 343 3090 B
361 3045 423 3090 editi.
516 3047 546 3092 19
575 3046 673 3092 Orontis
697 3046 754 3092 editi
773 3061 801 3092 ec
824 3048 931 3094 emenda-

180 3118 242 3162 tione
264 3115 429 3162 Porcteroais.
457 3113 491 3176 cs.
513 3115 541 3161 II
564 3117 605 3162 15.
678 3117 710 3162 20
739 3118 878 3165 arechusam
899 3120 930 3178 B,

178 3185 298 3232 Arethusa
315 3187 371 3232 Ant.
435 3185 465 3232 21
495 3199 582 3247 gyrans
601 3187 665 3233 editi.
732 3188 764 3233 22
792 3189 883 3236 efesurn
900 3191 931 3236 A.

180 3258 213 3304 23
241 3256 335 3303 colfium
353 3257 382 3303 A.
