2234 3842
224 331 276 384 5⁴0
895 345 970 381 ormo
987 335 1027 380 11³

244 505 256 549 1
445 480 641 566 Appollonia

242 607 258 653 2
444 583 571 668 Apsum

242 711 257 758 s
444 683 593 751 Genesis.

242 815 259 859 4
323 785 395 856 113.
438 789 635 875 Epidaurus,
652 809 734 872 quae
750 789 1033 867 nuncDiraehium,
1107 747 1109 812 {

243 916 258 962 o
295 892 491 978 amplissima
505 893 581 958 olim
604 914 642 960 ao
661 891 886 956 famosissima.
929 891 1032 956 haeoa
1108 937 1109 944 κ

244 1019 258 1064 s
295 993 391 1059 Zitho
418 996 515 1061 fratre
537 996 730 1082 Amphionis
760 995 908 1078 condita,
934 995 1034 1059 inven-

243 1123 258 1169 γ
294 1107 364 1162 tore
393 1099 516 1164 scilicet
543 1101 639 1182 lirae,
669 1099 754 1163 inter
782 1109 890 1164 cetera
917 1099 964 1163 sui
988 1119 1035 1160 or-

243 1219 258 1264 s
294 1209 389 1268 natus
412 1203 602 1290 Asclepium
629 1202 781 1268 habuisse
808 1203 920 1267 fertur.
962 1223 1036 1284 quae

244 1323 258 1367 e
295 1303 372 1369 dum
404 1328 424 1369 a
453 1307 638 1372 oonsulibus
668 1305 889 1371 Romanorum
915 1327 970 1390 per
996 1303 1037 1367 le·
1107 1321 1108 1328 ¹

227 1427 259 1473 ¹⁰
295 1417 388 1495 gatos
410 1417 599 1494 posceretur
620 1419 657 1475 ut
679 1409 742 1476 sibi
764 1408 805 1473 de
828 1407 1040 1494 prestantiori-

228 1531 258 1577 11
295 1511 357 1577 bus
380 1513 446 1578 suis
466 1513 602 1600 insignis
625 1511 747 1598 aliquid
767 1513 949 1600 largiretur,
969 1509 1040 1574 dum
1107 1507 1108 1512 ’

228 1635 259 1680 12
296 1615 491 1681 arbitrantur
503 1639 537 1682 se
549 1617 728 1702 susceptori
734 1615 936 1701 Asclepium,
950 1613 1039 1678 draco
1107 1701 1108 1704 Ἴ

228 1741 259 1786 13
294 1719 532 1785 inmanissimus
555 1719 728 1786 adveniens
755 1741 826 1784 eam
847 1718 1038 1783 medietenus
1107 1715 1108 1740 ³

227 1843 259 1888 14
296 1825 388 1906 quasi
416 1823 559 1888 salutans
587 1823 790 1908 pertransiit,
822 1845 862 1887 ac
890 1823 1042 1887 neminem
1107 1815 1109 1894 f

227 1947 259 1995 15
295 1926 427 1992 laedens
448 1927 483 1991 in
511 1949 607 2012 prora
633 1928 724 1992 navis
746 1926 927 2012 legatarum
949 1933 1042 1992 semet
1107 1921 1108 1926 ’

228 2053 259 2099 16
295 2031 491 2115 composuit,
526 2039 559 2095 et
592 2051 666 2094 oum
695 2031 742 2095 eis
776 2028 915 2095 Romam
948 2050 1042 2113 usque

228 2157 259 2201 1⁷
294 2133 451 2217 perrexit,
482 2155 520 2198 ac
550 2134 598 2198 sic
620 2133 758 2200 Romam
779 2141 817 2198 ut
838 2135 1043 2218 praemissum

227 2259 260 2305 18
295 2243 345 2300 est
366 2259 425 2321 pro
447 2235 602 2322 Asclepio
632 2235 804 2301 draconem
825 2237 1042 2322 impiissimum

226 2363 258 2408 19
295 2346 371 2403 sunt
393 2338 512 2426 adepti.
562 2340 596 2406 in
626 2363 664 2405 ea
692 2361 820 2424 quoque
842 2338 1043 2425 postmodum

225 2466 258 2511 2ο
296 2451 426 2508 sanetus
448 2442 598 2509 Andreas
620 2443 785 2529 apostolus
811 2467 913 2508 unum
935 2442 975 2508 de
997 2465 1042 2508 se-

225 2570 257 2616 21
294 2547 464 2633 ptuaginta
485 2547 638 2633 apostolis
667 2548 854 2633 episcopum
876 2545 1041 2626 ordinarit,

225 2671 257 2719 22
295 2649 351 2734 qui
365 2651 469 2736 primo
489 2651 617 2716 nomine
632 2648 734 2736 Cesar
754 2649 862 2716 dictus
877 2659 939 2732 est,
961 2669 1040 2715 nunc

225 2774 257 2820 28
293 2757 370 2819 ‘vero
388 2754 502 2820 Aetius
525 2778 545 2819 a
567 2754 690 2820 civibus
714 2753 857 2819 eiusdem
878 2753 969 2820 urbis
990 2776 1041 2818 no

225 2875 259 2921 24
293 2859 447 2936 minatur3
482 2859 538 2942 qui
569 2866 742 2944 postquam
775 2879 831 2922 eos
865 2857 1039 2922 emundatis
1106 2857 1109 2924 ἓ

226 2975 257 3022 ns
294 2960 495 3046 squaloribus
522 2961 727 3026 tenebrarum
760 2960 803 3026 ad
828 2960 936 3025 lucem
963 2959 1039 3025 veri-
1107 3017 1108 3024 ,

329 3185 401 3231 oodec
420 3185 442 3231 d.
742 3184 776 3247 of.
785 3186 844 3233 Rau.
858 3186 910 3234 378
930 3187 963 3232 15
975 3201 1007 3246 sq.

192 3311 195 3315 '
296 3309 327 3352 19
355 3307 450 3365 adepti]
469 3308 558 3366 adeptu
576 3306 598 3352 t.
