2198 3840
214 287 266 342 468
901 303 973 340 armo
990 293 1018 340 ts

233 460 245 504 1
284 435 571 522 stantinopolitana
585 436 700 502 missos
719 436 918 522 susciperent
931 445 960 502 et
973 435 1021 500 de·

232 560 248 606 a
283 548 357 604 vote
380 540 527 604 orientali
551 540 641 604 aulae
665 549 721 604 eut
743 541 930 623 antiquitus,
955 539 1021 604 dum

232 662 247 707 a
283 642 574 729 Longobardorum
596 666 676 729 gens
699 641 810 708 divina
830 643 1021 728 permissione

233 765 249 810 4
285 745 413 810 Italiam
435 747 635 827 infestarent,
657 756 817 832 parerent.

233 869 247 916 t
318 848 373 918 28.
417 849 547 914 Dehinc
558 849 636 914 urbs
646 849 755 914 Lietia
765 849 930 916 Idomenei
939 850 1023 935 regis,

234 975 248 1022 e
287 953 328 1018 de
352 976 417 1037 qua
430 952 587 1038 Virgilius
625 1007 632 1032 ,

234 1079 248 1123 7
395 1065 428 1120 et
442 1054 626 1122 Salentinos
649 1055 777 1120 obsedit
792 1057 894 1121 milite
909 1078 1024 1142 campos

234 1181 248 1225 a
395 1159 522 1225 Lictius
544 1158 748 1224 Idomeneus.

235 1284 249 1328 s
330 1264 383 1328 De
406 1264 468 1328 hac
489 1263 650 1326 theatrum
668 1263 904 1346 tantummode,
925 1265 1026 1328 ceteris

219 1389 250 1433 ιο
287 1367 455 1432 moenibus
479 1366 547 1431 solo
576 1367 778 1450 coaequatis,
807 1368 885 1432 olim
907 1367 1028 1432 solemni
1095 1425 1096 1436 ,

219 1491 249 1536 11
288 1470 397 1536 studio
420 1469 585 1534 conditum
600 1479 711 1535 restat.
756 1471 791 1534 in
807 1471 899 1536 cuius
914 1472 974 1536 iam
986 1471 1028 1534 in·
1096 1513 1097 1516 =

219 1595 251 1640 12
289 1575 378 1639 colae
406 1597 541 1659 parvum
569 1596 651 1658 pene
678 1573 806 1659 lapsum
824 1575 1028 1660 ,municipium

219 1702 250 1746 ra
289 1678 417 1743 sibimet
446 1675 533 1760 quod
562 1700 679 1740 nomen
708 1679 878 1762 antiquum
899 1685 1028 1744 reservat
1096 1663 1097 1676 .

220 1808 252 1852 14
287 1781 392 1846 fecere
408 1780 557 1862 culmine,
580 1779 668 1864 quod
681 1781 819 1867 figuram
834 1783 938 1868 magis
951 1779 1028 1846 urbis

221 1909 251 1955 15
290 1907 386 1968 quam
408 1882 543 1948 eandem
565 1882 678 1950 urbem
693 1886 853 1969 exprimit.
894 1886 932 1974 ¹in
945 1885 1028 1949 huius

221 2013 252 2058 rs
290 1987 482 2052 suburbanis
517 1997 724 2052 monumenta
756 1989 959 2072 antiquorum
988 1989 1028 2050 in·

221 2118 252 2162 17
289 2113 422 2156 numera
443 2089 503 2155 sub
526 2090 601 2155 divo
624 2093 770 2176 exposita
791 2091 895 2156 solido
916 2092 1029 2176 sculpta

221 2222 252 2268 18
292 2202 467 2258 cernuntur
487 2193 604 2280 lapide.

222 2325 252 2370 19
335 2293 397 2362 Cui
415 2298 587 2362 coniuncta
601 2299 715 2364 civitas
726 2297 821 2385 Ruge
832 2297 1028 2386 dignoscitur.

221 2427 253 2472 20
292 2399 332 2464 ab
356 2400 419 2466 hac
441 2424 543 2485 usque
566 2401 762 2483 Ydrontum,
791 2424 874 2486 quae
895 2405 928 2468 in
948 2403 1028 2468 litore

326 2539 418 2585 codices
437 2538 508 2600 bfmr.
793 2540 898 2602 ef.1iao.
912 2541 961 2587 262
978 2541 999 2585 1.

291 2634 305 2679 2
330 2637 384 2690 aut}
403 2648 459 2679 nam
476 2641 511 2692 ut,
530 2650 562 2680 aa
580 2636 749 2696 eapaayenda?
803 2638 817 2682 3
846 2637 997 2695 promissione
1006 2631 1028 2693 s.

291 2706 308 2750 4
328 2704 430 2765 ytaliam
450 2703 473 2765 f
492 2708 563 2752 etiam
585 2704 662 2766 infra.
729 2709 742 2753 5
771 2707 863 2762 Liatial
883 2706 938 2753 aliis
954 2704 1028 2764 Lupia,

290 2789 352 2822 acne
370 2775 454 2821 Leece.
482 2776 492 2822 ΙΙ
516 2778 644 2838 ydomenei
666 2793 697 2822 m.
757 2780 771 2824 6
799 2777 928 2837 Virgilius]
946 2773 1028 2822 Aeaeid

293 2846 378 2892 3400
398 2847 448 2892 401

397 2917 431 2962 Et
449 2917 595 2964 Sallentinos
613 2919 709 2964 obsedit
725 2917 802 2964 milite
820 2931 918 2977 campos

398 2988 499 3048 Lyctius
517 2989 667 3034 Idomeneus.

294 3058 433 3115 8Lictiusl
451 3059 513 3104 licus
524 3057 551 3118 f.
587 3061 597 3105 ΙΙ
631 3061 778 3121 ydomeneus
789 3057 854 3119 smr.
916 3061 944 3106 10
967 3056 1028 3104 meni-

292 3130 337 3174 bus
354 3127 427 3189 bfmr.
451 3130 460 3175 ll
484 3143 604 3187 coequans
621 3128 643 3188 f.
661 3131 672 3176 ll
697 3128 828 3190 solennis.
885 3132 915 3177 13
934 3129 1026 3182 sibimet}

293 3200 378 3246 sibinri
401 3201 423 3246 b.
454 3201 464 3246 ll
489 3200 588 3259 entique
611 3201 670 3246 bmr.
746 3203 775 3246 19
804 3201 867 3260 buge
885 3199 912 3261 f.
941 3201 953 3246 ll
973 3199 1027 3245 dino-

294 3271 368 3318 scitur
387 3269 422 3331 bf.
477 3272 509 3317 20
537 3273 676 3332 ydrotytnm
696 3271 717 3329 b,
745 3270 849 3331 ofilius.
863 3271 916 3318 262
934 3273 956 3317 2.
