2242 3838
239 309 293 362 214
976 307 1008 354 iv
1026 310 1057 357 ie
1115 295 1117 314 ²

260 479 273 522 1
313 454 552 540 descripserunt
574 453 768 540 philosophi,
797 476 836 516 ex
860 451 977 536 quibus
998 453 1063 539 legi

259 581 273 625 2
311 558 497 623 multotiens
509 556 633 622 diotum
645 553 829 622 Castorium
843 566 874 621 et
881 556 1063 621 Lollianum

260 685 274 730 s
312 671 408 746 atque
437 659 643 726 Arbitionem
669 658 888 724 Romanorum
923 659 1065 744 philoso-

260 788 275 830 4
311 765 404 850 phos,
427 763 485 830 sed
507 773 540 828 et
555 763 823 848 suprascriptum
838 761 1064 828 Aiisnnridum
1117 749 1118 754 ἵ

261 893 274 938 s
311 877 344 932 et
359 866 573 934 Eldevnldum
596 875 693 950 etque
714 865 981 932 Maroummirum
997 864 1066 932 Go-

260 997 274 1040 s
311 972 441 1036 thorum
463 970 689 1056 philosophos:
718 967 777 1034 sed
803 992 867 1034 non
890 970 1067 1053 aequaliter

261 1101 275 1144 ⁷
312 1075 570 1154 nominaverunt,
592 1073 674 1138 elius
697 1095 773 1138 vero
796 1073 855 1154 sio,
884 1072 966 1137 alius
990 1095 1066 1136 vero

261 1202 277 1248 s
313 1179 375 1242 alio
391 1176 498 1242 modo.
544 1176 601 1242 sed
618 1199 679 1263 ego
694 1175 871 1242 seoimdum
886 1176 1068 1260 praefatum

261 1305 276 1349 s
312 1280 578 1346 Meroummirum
614 1281 746 1346 inferius
781 1279 884 1345 dictes
919 1281 1068 1346 civitates

246 1408 276 1452 io
313 1383 499 1448 Pannoniae
515 1384 687 1448 nominavi.
720 1385 755 1448 in
770 1405 834 1468 qua
848 1385 953 1469 patria
967 1385 1069 1470 pluri-

245 1511 275 1556 11
313 1509 381 1554 mas
404 1487 504 1552 fuisse
535 1485 681 1551 civitates
704 1487 856 1573 legimus,
886 1487 1069 1571 exquibus

246 1611 277 1658 12
313 1591 496 1674 aliquantes
519 1589 689 1676 designare
711 1591 869 1670 volumus,
892 1591 927 1654 id
951 1601 1001 1658 est

465 1691 672 1758 Confluentes

463 1797 641 1862 Taurinum

464 1899 624 1966 Idominio

463 2003 630 2070 Bassianis

463 2107 576 2174 Fossis

465 2208 617 2276 Sirmium

465 2313 606 2378 Drinum

464 2414 573 2482 Saldis

316 2580 329 2622 2
357 2576 500 2624 multociens
517 2578 564 2632 Ac,
592 2580 715 2626 multoties
734 2580 798 2626 editi.
837 2581 847 2626 ii
881 2583 1017 2628 knstorium
1046 2585 1072 2631 0.

314 2647 453 2696 iilolienum
471 2650 516 2696 ΑΒ
534 2650 599 2696 editi.
663 2652 677 2698 8
707 2651 853 2698 erbioionem
874 2650 898 2698 O.
925 2653 935 2698 ΙΙ
959 2653 1073 2712 philoso-

313 2717 389 2778 phum
406 2719 459 2765 AB.
513 2721 528 2766 4
548 2721 672 2780 seriptum]
692 2723 783 2768 dietum
801 2722 866 2768 editi.
893 2723 902 2768 ii
927 2723 1073 2772 Aithanari-

314 2790 448 2836 inmodici.
495 2791 651 2850 ogottorum
664 2790 687 2838 0.
739 2793 957 2840 inomineverunt
969 2809 1015 2840 om.
1026 2798 1073 2842 AB

314 2861 377 2908 editi.
398 2862 407 2906 ΙΙ
432 2875 489 2908 vero
502 2859 605 2908 alterum
622 2876 666 2908 om.
680 2863 725 2908 AB
743 2863 807 2910 editi.
863 2865 893 2910 13
919 2862 1073 2912 Confluenti-

314 2931 359 2978 bus
381 2930 436 2976 Ταῦ.
494 2932 525 2977 14
554 2933 693 2992 Taurynum
711 2933 776 2991 editi,
806 2934 917 2980 Tsnmno
937 2937 994 2982 Ant.
1012 2937 1071 2984 Ταῦ.

316 3001 347 3047 15
375 3001 489 3048 Idiminio
511 3001 566 3048 Ταῦ.
635 3005 665 3050 16
694 3003 816 3052 Bessisnis
843 3006 913 3050 otiam
930 3006 1029 3052 Hieros.
1049 3016 1073 3054 et

318 3072 382 3128 Tab„
409 3075 551 3122 Βασσίανα
568 3073 632 3118 Ptol.
690 3076 721 3120 17
748 3075 841 3131 Fossis}
865 3077 968 3122 mutatio
987 3077 1072 3126 Fossis

298 3142 408 3205 stiores.
484 3145 514 3189 18
544 3142 657 3190 Sinnium
680 3147 751 3192 etiam
771 3146 835 3210 Tan,
863 3149 980 3216 Σίρμιον
995 3148 1071 3209 Ptol.

314 3212 365 3260 αἰξὶ.
422 3215 453 3260 19
473 3213 588 3272 Drinum}
607 3213 640 3274 of.
652 3215 752 3262 Drinins
770 3217 794 3264 fl.
815 3217 866 3263 212
885 3218 910 3263 5.
962 3218 995 3264 20
1015 3218 1072 3267 Sal-

315 3285 352 3330 dis
370 3286 440 3330 etiom
457 3285 520 3342 Tob.¹
551 3285 644 3334 sudum
663 3287 686 3332 B
703 3287 767 3334 editi.
