2198 3840
46 291 134 331 ormo
158 281 187 328 15
826 283 879 337 465

65 448 80 493 1
123 427 410 512 sculptieutroque
432 428 532 492 latere
560 428 713 514 leguntur
739 429 785 494 ita
806 450 876 496 nlvo

64 548 80 592 a
122 549 249 596 rmnuo
280 550 409 595 ssusrvs
436 551 624 603 rorvnvsovn
658 551 793 598 souluvs
823 553 878 598 uo-

64 651 79 696 1
122 652 212 698 nolus
251 654 441 706 viurvusovn
482 653 580 702 cause.
652 637 686 700 in
724 639 878 703 honorem

62 755 80 798 4
123 759 253 820 quoque
269 737 414 802 eiusdem
425 739 568 825 Augusti
583 739 748 823 praedicta
764 743 876 807 civitas

63 856 79 901 s
122 838 165 902 de
176 840 319 904 Tirheno
340 865 406 926 per*
419 843 610 906 tractionem
631 844 726 908 unius
749 855 781 908 et
795 846 878 909 mul-

63 959 79 1004 a
121 943 356 1028 tiplioationem
371 946 503 1010 alterius
519 943 661 1030 syllabae
673 945 813 1012 Traiana
828 959 877 1014 est

64 1061 78 1106 ἰ
122 1055 248 1112 vocata.
294 1070 379 1112 nuno
402 1071 529 1134 quoque
552 1047 678 1112 abiecta
699 1051 731 1114 ia
753 1051 878 1136 syllaba

64 1162 81 1206 8
123 1150 250 1216 Tranas
273 1161 418 1234 vocatur,
440 1162 477 1218 ut
500 1151 713 1236 descriptores
736 1153 877 1238 philoso-

65 1266 80 1310 9
123 1254 180 1340 phi
204 1255 270 1320 suis
293 1256 327 1320 in
350 1257 477 1342 seriptis
501 1265 657 1320 asserunt.

48 1372 81 1416 10
155 1357 207 1426 24.
252 1358 334 1424 Post
355 1360 439 1424 hano
460 1359 591 1445 ponitur
604 1358 713 1424 Melfis
736 1383 817 1445 quae
844 1372 877 1427 et

49 1476 81 1520 11
124 1461 237 1526 Turris
272 1461 399 1527 dicitur.
451 1464 569 1528 dehinc
596 1461 766 1528 Natiolum
793 1489 874 1550 quae

49 1579 82 1622 12
124 1551 209 1630 nuno
223 1566 386 1632 Iunatium
401 1576 545 1648 vocatur,
561 1565 683 1630 dictum
698 1576 804 1632 autem
819 1593 876 1634 an·

51 1681 83 1728 13
123 1669 258 1752 tiquitus
270 1669 484 1752 Iuvenalium,
500 1671 592 1754 quasi
603 1668 690 1733 Iovis
701 1672 874 1758 navigatio·

50 1785 85 1828 14
124 1771 201 1836 dum
223 1774 308 1838 enim
325 1784 450 1860 patrem
464 1773 639 1840 Saturnum
654 1773 687 1836 in
703 1774 874 1859 gralatium

50 1887 83 1934 15
122 1876 233 1962 fugam
254 1878 445 1942 meroartem
467 1901 487 1943 a
509 1875 607 1942 Creta
631 1875 767 1942 navibus
790 1879 875 1943 inse·

51 1990 83 2036 16
124 1980 250 2062 quitur,
277 1981 310 2044 vi
331 1981 532 2068 tempestatis
560 1978 680 2045 ibidem
703 1979 873 2047 devolutus

52 2097 84 2142 17
124 2083 277 2168 oppidum
299 2086 421 2149 statuit.

52 2200 85 2246 18
157 2186 210 2254 25.
248 2188 377 2252 Dehinc
391 2189 481 2252 iuxta
495 2190 690 2274 paucissimo
705 2189 873 2258 intervallo

53 2305 84 2350 19
123 2313 180 2376 per
193 2291 271 2356 litus
288 2314 427 2374 11111110,
441 2293 649 2356 miliariorum
660 2291 874 2356 soilioot'duo-

52 2407 85 2452 20
125 2393 241 2476 decim,
264 2404 314 2459 est
336 2393 470 2476 Sibaris,
497 2417 578 2480 quae
599 2417 687 2460 nuno
708 2394 802 2459 Baris
825 2395 873 2460 di-

158 2534 249 2579 11111111
269 2532 340 2594 bfmr.
589 2531 623 2594 of.
634 2535 694 2579 Eoo.
705 2533 754 2578 261
777 2533 791 2577 4
811 2533 836 2578 5.

125 2629 138 2673 1
158 2629 252 2673 traiano
264 2627 286 2672 b.
334 2631 347 2674 3
368 2629 458 2674 honore
476 2626 511 2688 bs.
557 2631 571 2674 4
592 2629 711 2688 predictas
724 2628 834 2673 civitates
845 2625 870 2688 f.

124 2698 138 2745 5
158 2699 282 2758 tyrchenio
301 2697 336 2758 bs.
392 2699 406 2744 6
431 2698 540 2755 alterius]
560 2701 630 2746 unius
642 2698 669 2759 f.
697 2700 706 2744 ΙΙ
732 2697 818 2744 sillabe
829 2695 871 2758 fr.

123 2769 242 2828 lltrayana
253 2767 279 2829 f.
330 2771 342 2815 7
368 2770 406 2826 ia]
426 2771 474 2815 iam
491 2783 536 2815 mr.
564 2770 573 2816 ll
599 2769 686 2816 sillaba
703 2767 724 2826 f.
780 2769 872 2814 8Tra-

123 2843 178 2896 nas}
197 2845 304 2885 transa.
317 2839 343 2900 f.
400 2841 430 2885 10
459 2840 561 2899 melphis
579 2856 623 2887 mr.
681 2841 711 2884 12
737 2839 871 2896 lunatium]

122 2911 270 2956 iuvenalium
284 2911 342 2956 bmr.
386 2913 416 2956 13
431 2911 589 2968 Iuvenatinm]
602 2911 711 2957 iuvenaoi
718 2907 744 2969 f.
790 2911 821 2954 14
834 2925 872 2956 sa·

121 2983 227 3028 tumium
246 2979 282 3041 bf.
338 2983 369 3027 14
391 2981 421 3026 111
446 2983 472 3026 11
484 2981 612 3040 gralatium
629 2982 710 3040 fugam
722 2983 870 3037 meroartsm]

115 3051 227 3112 fortasse
243 3053 268 3097 in
286 3051 324 3098 sel
341 3054 404 3098 intra
419 3052 515 3098 Latium
532 3053 663 3111 fugientem
680 3050 717 3096 ool
735 3051 871 3110 11111111-

120 3129 213 3168 rantum
230 3121 268 3168 ael
284 3123 402 3169 similiter.
441 3124 472 3168 14
492 3123 622 3182 gralaoium
634 3120 660 3182 f.
717 3122 747 3168 15
767 3125 831 3167 creta
842 3119 868 3182 f.

123 3195 154 3238 16
173 3195 223 3238 vim
241 3193 262 3238 b.
314 3197 344 3240 17
364 3195 463 3252 opidum
476 3192 501 3254 f.
556 3195 587 3240 19
607 3207 757 3238 emonsemr.
775 3193 785 3238 ΙΙ
810 3193 869 3239 duo·

121 3265 211 3320 desim]
229 3277 266 3309 xn
283 3280 327 3310 mr.

669 3348 699 3386 ³0
