2242 3838
66 308 94 354 IV
111 311 125 354 4
819 309 871 361 175

83 476 92 519 1
125 463 196 538 ptus
210 454 413 519 Pentesileus
437 464 469 518 et
483 453 667 538 Marpesius
683 465 778 538 atque
794 455 872 520 Pto-

81 578 93 622 a
125 557 264 622 lomaeus
294 581 350 622 rex
377 557 614 645 Aegyptiorum
642 557 871 638 Macedonum,

16 685 17 710 1
80 683 92 726 a
125 661 314 746 philosophi.

16 767 17 796 ²
80 785 94 829 4
167 764 249 829 Item
277 766 369 829 iuxta
391 763 558 830 Oceanum
587 775 636 831 est
663 765 767 850 patria
790 775 884 847 quae'

81 887 94 932 t
127 867 202 932 dicit
189 878 242 932 tur
263 867 515 950 Roxolanorum,
544 867 724 949 Suarioum,
753 865 871 933 Sauro-

81 991 94 1035 6
126 981 254 1036 matum.
300 995 358 1056 per
381 994 476 1055 quam
498 973 635 1056 patriam
657 972 741 1034 inter
764 979 871 1035 cetera

16 1065 18 1084 ²
82 1095 93 1136 t
126 1084 290 1140 transeunt
312 1075 444 1140 flumina
466 1099 547 1160 quae
571 1074 732 1156 dicuntur,
754 1074 870 1140 fluvius

16 1195 18 1228 ³
81 1197 94 1241 s
127 1179 281 1243 maximus
305 1179 360 1261 qui
383 1178 501 1242 dieitur
516 1178 656 1259 Vistula,
680 1178 754 1261 quia
776 1178 870 1242 nimis

82 1301 93 1344 a
126 1281 304 1346 undosus
297 1305 330 1344 1n
353 1279 484 1346 Oceano
513 1283 673 1368 vergitur,
702 1291 734 1345 et
756 1281 871 1346 fluvius

16 1351 18 1470 l
68 1403 93 1448 ιο
127 1386 179 1468 qui
193 1385 377 1450 nominatur
386 1385 497 1450 Lutta
533 1387 573 1450 de
586 1409 649 1470 qua
662 1387 766 1470 patria
781 1409 872 1450 enar·

16 1527 36 1568 ,
67 1505 92 1550 11
126 1490 206 1554 ravit
235 1511 334 1574 supra
360 1491 497 1574 scriptus
520 1489 725 1554 Ptolomaeus
753 1513 809 1566 rex
840 1499 872 1553 et

16 1589 17 1598 ’
67 1611 93 1655 m
125 1593 345 1678 philosophus.
399 1595 489 1658 euius
521 1595 644 1678 patriae
674 1601 749 1678 post
781 1603 873 1680 terga

16 1675 18 1754 l
68 1715 94 1760 13
127 1693 382 1761 infraOoeanum
394 1719 492 1782 supra
503 1697 623 1781 seripta
633 1696 737 1761 insula
748 1695 873 1762 Soanta

16 1765 18 1840 l
69 1819 94 1863 14
126 1801 296 1865 invenitur.

69 1922 94 1966 15
156 1905 187 1972 5.
232 1905 316 1969 Item
339 1903 380 1968 ad
401 1904 539 1976 frontem
561 1902 800 1968 Roxolanorum
823 1927 874 1968 rs·

70 2023 96 2068 16
129 2009 230 2095 giouis
247 2018 324 2073 sunt
337 2007 470 2093 patriae,
490 2005 525 2070 id
540 2015 590 2070 est
604 2004 872 2092 Sithotrogorum,

131 2232 142 2276 l
171 2229 333 2290 penthesileus
352 2231 379 2286 A,
406 2227 569 2287 penthesilaus
587 2227 616 2272 B.
656 2226 665 2272 ΙΙ
703 2230 739 2283 et]
762 2241 789 2273 ao
809 2229 872 2274 editi.

128 2302 283 2360 llmarpostus
304 2299 327 2346 0.
354 2300 363 2346 ll
389 2298 540 2358 ptholomeus
560 2297 583 2354 0,
602 2298 738 2356 ptolomeus
751 2300 795 2344 ΑΒ
809 2301 872 2346 editi.

131 2373 143 2417 2
171 2373 323 2432 egyptiorum
346 2372 373 2428 A,
401 2376 542 2430 egyptomm
564 2370 594 2426 B,
622 2370 788 2428 Aegyptos-um
809 2371 873 2416 editi.

130 2445 223 2501 3.p0st
245 2441 384 2501 philosophi
406 2442 428 2485 B
446 2441 501 2486 ada.
520 2441 590 2497 XIII,
621 2439 639 2485 C
656 2441 724 2486 addit
747 2443 777 2487 de
795 2442 872 2500 patria

128 2513 296 2558 roxolanorum
309 2514 425 2557 suaiicum
438 2517 598 2556 sauromatum
611 2513 675 2569 apud
686 2511 741 2569 unj.
791 2513 804 2557 5
825 2511 873 2554 Ro·

128 2584 209 2630 xolani
242 2583 297 2628 Tob.
328 2583 337 2628 ll
371 2582 508 2638 Satricum]
537 2581 635 2627 Saurica
653 2588 674 2626 et
694 2581 787 2627 Soriees
817 2581 872 2626 Tot.
924 2611 926 2616 ,

127 2653 450 2709 llSauromatumlSarmote
467 2651 521 2697 Tot.
559 2655 573 2697 7
593 2652 676 2696 dieunt
688 2652 717 2696 Β.
760 2655 772 2697 7
794 2651 872 2696 8111-

128 2727 191 2770 vium
209 2725 343 2770 maximum
363 2723 386 2770 C.
455 2726 469 2768 8
498 2721 586 2768 iustula
603 2721 652 2767 BC.
680 2722 688 2766 ll
715 2723 771 2780 qula
789 2723 871 2778 nimIs]

129 2797 237 2854 qruhnu
268 2794 291 2840 C.
365 2796 378 2840 9
410 2795 447 2850 inl
475 2799 499 2838 et
525 2795 549 2838 in
578 2791 601 2838 C.
630 2793 639 2838 ll
669 2795 783 2851 mergitur
808 2794 872 2838 editi.

131 2867 160 2910 10
187 2866 251 2912 Iutta
270 2868 345 2922 (corr.
363 2865 436 2923 lurta)
458 2863 481 2910 0.
538 2866 568 2909 11
590 2863 740 2922 ptholomeus
754 2862 798 2920 AO,
819 2871 873 2923 pto-

128 2935 218 2982 lomeus
236 2938 259 2981 B
277 2937 363 2982 Poreh.
383 2937 455 2981 Gran.
469 2937 493 2991 1,
513 2935 648 2980 Ptolemeus
667 2933 740 2979 Gran.
752 2935 774 2980 2.
800 2935 809 2980 ll
828 2951 872 2981 rex

129 3014 181 3052 ante
191 3007 343 3053 Ptolomaeus
351 3013 443 3064 ponant
455 3007 519 3052 editi.
571 3008 600 3052 13
621 3004 720 3060 scanza]
734 3004 766 3064 of.
779 3006 811 3050 29
831 3008 872 3051 11.

131 3079 161 3123 14
184 3084 241 3136 post
258 3079 379 3123 invenitor
396 3079 417 3123 B
435 3077 490 3122 add.
509 3078 587 3134 XIIII,
619 3073 720 3120 Gadda
743 3078 772 3121 de
796 3079 874 3135 patrIa

129 3150 320 3208 sythotrogorum
340 3149 417 3208 campi
436 3154 481 3193 eto.
537 3150 567 3194 15
595 3145 738 3191 roxolanum
756 3147 806 3199 AB,
835 3163 873 3193 ro-

129 3217 234 3268 xolafiC.
293 3221 323 3266 16
348 3221 426 3278 patria
446 3219 518 3264 Groa.
532 3219 555 3276 2,
575 3231 618 3262 om.
641 3215 664 3262 0.
692 3215 701 3262 ll
728 3216 868 3275 Scythotro-

130 3303 210 3346 gotum
228 3289 293 3336 editi.
