2198 3840
55 317 134 352 ovum
152 306 184 352 42
821 303 870 362 481

77 475 92 518 1
155 449 208 518 42.
253 450 336 516 Item
358 453 446 517 iuxta
468 451 604 518 Romam
627 455 679 518 via
694 453 803 539 Appia
825 465 874 520 est

75 576 92 619 2
125 555 234 619 civitas
259 577 339 638 quae
362 555 480 620 dicitur

74 679 90 722 a
270 658 405 724 Bubalia

272 763 378 827 Aritia

272 864 459 932 Velanubus

272 968 353 1035 Tres
375 971 525 1036 tabernas

274 1073 375 1158 Appii
396 1075 517 1140 Forum

270 1175 409 1242 Feronia

270 1276 391 1344 Suessa
411 1281 529 1345 Irunca

56 1401 88 1444 ιο
270 1382 358 1447 Pons
382 1381 564 1468 Campanus

55 1503 86 1546 11
269 1485 411 1552 Urbanis

55 1605 86 1648 12
131 1637 136 1644 1
271 1585 457 1673 Cassium,
486 1592 611 1673 inquo
641 1599 690 1655 est
711 1600 871 1656 monaste-

55 1709 86 1752 13
121 1693 203 1756 rium
227 1690 468 1758 celeberrimum
494 1695 602 1759 ,sanati
624 1678 809 1776 Benedicti,
837 1695 871 1760 in
927 1731 929 1734 ·

54 1813 86 1856 14
121 1818 183 1879 quo
205 1794 291 1860 idem
313 1797 362 1860 vir
384 1807 516 1862 sanetus
538 1797 686 1862 omnibus
708 1799 870 1863 miraculis

55 1915 85 1960 15
120 1899 249 1965 effulsit.

2 2052 3 2058 κ
55 2023 85 2068 16
269 2001 457 2069 Casulinum

54 2127 85 2172 17
270 2103 382 2192 Capua
404 2116 501 2193 caput
524 2105 730 2193 Campaniae,
754 2111 868 2176 fertilis

54 2231 85 2276 18
120 2211 260 2297 gloriosa
281 2211 466 2295 principalis
489 2220 584 2295 atque
600 2211 868 2296 splendidissima,

55 2335 84 2378 11
120 2339 184 2379 uua
200 2337 247 2392 ,ex
269 2312 373 2377 tribus
403 2315 500 2400 regiis
528 2336 565 2380 ao
587 2315 735 2397 famosis,
765 2315 869 2382 Roma

54 2436 85 2481 10
120 2419 299 2504 Kartagine
310 2418 443 2501 ipsaque
455 2420 559 2484 tertia.
593 2418 868 2484 hancinteraom-

154 2668 245 2714 codices
264 2665 335 2727 bsmr.
560 2666 593 2727 cs.
607 2669 664 2714 Rau.
680 2669 730 2714 276
751 2671 783 2715 16
796 2685 830 2730 sq.

119 2794 134 2837 4
162 2793 242 2838 arania
269 2789 304 2852 bf.
395 2791 408 2838 5
437 2791 477 2838 vel
495 2792 588 2838 anubus
614 2807 657 2849 mr,
684 2792 822 2838 valanubris
839 2793 866 2854 f.

121 2863 210 2908 12-15
242 2860 524 2918 (luminum-effulsit]
552 2862 609 2908 haec
635 2862 717 2922 ylossa
739 2877 866 2920 perperam

120 2940 174 2978 uate
190 2932 330 2979 Casulinum
344 2935 435 2978 inserta
452 2939 494 2990 eat,
513 2948 564 2978 cum
577 2933 609 2978 ad
620 2947 679 2992 pay.
691 2933 741 2978 179
761 2934 795 2978 22
808 2949 866 2992 per-

121 3007 201 3060 tineat,
219 3003 259 3048 abi
271 3003 333 3050 male
345 3003 443 3048 Lusium
456 3018 504 3061 pro
516 3001 615 3049 Cassino
628 3001 721 3062 loquar.
777 3005 808 3050 13
829 3019 866 3050 ce-

116 3074 256 3120 leberimum
268 3089 298 3118 m.
341 3075 372 3120 19
391 3077 430 3130 ex]
445 3079 469 3119 et
481 3073 515 3133 bf.
534 3074 543 3119 ΙΙ
559 3075 622 3132 regis
635 3071 667 3133 bf.
710 3075 741 3119 20
758 3075 864 3135 tercias.

118 3143 282 3204 cs.FlorusI
305 3146 350 3201 11,·
364 3160 391 3204 p.
403 3145 435 3190 20
454 3146 519 3190 v.17
538 3144 606 3189 laha.
633 3143 642 3188 ΙΙ
664 3145 865 3203 postcomplures

118 3214 228 3260 lacunam
252 3217 322 3260 trium
344 3231 450 3261 versuum
473 3223 496 3261 et
519 3215 610 3261 dimidii
628 3229 736 3273 capacem
754 3215 824 3261 habet
842 3217 863 3273 b,

117 3301 164 3332 nou
183 3285 268 3330 habant
284 3284 345 3345 fmr.

666 3371 695 3410 ³1
