2210 3834
47 329 94 377 Vl
795 326 847 380 331

63 500 72 542 1
106 477 168 542 rius
194 475 445 558 nominabimus,
474 478 549 560 quia
575 499 674 540 unum
702 487 734 538 et
761 472 847 538 idem

61 603 73 647 a
106 581 299 667 significant,
328 579 473 664 quamvis
502 579 636 644 diversis
664 576 846 642 nominibus

60 705 72 750 a
104 693 333 770 nuncupentur.
372 681 459 766 quod
480 681 552 747 ideo
575 705 594 746 a
615 681 709 746 nobis
724 683 846 746 factum

59 811 73 854 4
104 795 159 868 est,
182 789 254 870 quia
276 771 422 852 honiines
445 783 579 850 diversis
601 784 767 850 vocabulis
790 783 846 849 ab·

60 913 72 957 a
103 898 244 972 utuntur,
271 890 369 955 siouti
397 912 466 954 mos
494 889 622 953 illorum
651 896 701 953 est
730 897 762 953 et
784 889 845 952 lin-

60 1017 71 1060 e
103 1015 231 1080 guarum
267 993 448 1058 diversitas.
510 1015 585 1056 nam
619 992 715 1057 sionei
749 990 845 1056 divisi

59 1120 71 1164 7
102 1106 172 1162 sunt
192 1097 337 1162 homines
366 1096 521 1177 insanie,
550 1097 597 1160 ita
621 1095 786 1160 hominum
812 1103 845 1160 et

58 1223 69 1268 a
102 1200 260 1265 civitatum
298 1198 453 1264 dividitur
488 1199 625 1282 loquela.
693 1200 844 1263 nimirum

57 1325 68 1370 s
100 1327 255 1387 nunquam
285 1304 403 1368 etenim
431 1303 494 1367 nisi
517 1324 593 1368 casu
619 1303 735 1366 faeiem
757 1302 844 1366 simi-

42 1427 67 1473 10
98 1407 168 1489 lem,
197 1407 358 1490 loquelam
382 1405 516 1470 eandem
538 1407 572 1470 in
593 1405 777 1471 hominibus
800 1406 845 1470 oi-

12 1565 13 1572 ,
43 1531 65 1574 11
97 1512 228 1576 vitatum
243 1509 444 1574 diversarum
457 1511 608 1596 reperies.
647 1519 845 1574 revertamur

12 1989 14 2108 l

12 2165 14 2218 l

12 2369 13 2448 l

12 2457 14 2502 t

43 1631 66 1675 n
96 1615 191 1701 igitur
213 1611 256 1678 ad
279 1614 424 1678 civitates
447 1614 538 1678 iuxta
551 1613 648 1679 litora
661 1614 761 1679 totius
777 1635 845 1678 ma·

43 1735 66 1780 n
95 1719 136 1783 nis
165 1718 276 1805 magni
304 1716 482 1801 supradioti
507 1719 630 1804 positas
657 1727 689 1782 et
712 1740 766 1782 eas
789 1715 844 1782 de-

43 1838 65 1884 14
94 1821 267 1908 signemus,

43 1940 64 1986 u
124 1925 154 1993 2.
200 1923 324 1988 Iterum
346 1932 396 1988 est
422 1924 535 1989 civitas
559 1921 718 1988 Columna
739 1922 844 2010 Regia

42 2043 63 2088 u
242 2025 401 2091 Areiades

42 2148 62 2192 u
241 2130 405 2195 Tauriana

42 2252 62 2297 u
242 2233 372 2298 Vivona
393 2233 544 2298 Valentia

43 2355 62 2400 la
241 2337 366 2407 Tenna¹

42 2453 64 2501 a
244 2441 387 2527 Tempsa

95 2606 191 2660 omos]
204 2617 249 2650 nos
263 2601 287 2648 0.
344 2603 376 2648 12
393 2601 477 2648 littora
496 2601 520 2648 0.
577 2605 608 2650 17
622 2602 843 2663 postdesignemua

12 2837 14 2862 l

12 2863 13 2876 l

12 2883 13 2900 l

12 2903 13 2930 l

96 2674 183 2722 codd.
209 2673 320 2720 civitates
345 2673 390 2720 iste
413 2677 502 2719 sunto
525 2678 550 2718 ot
566 2685 607 2730 x13
634 2680 657 2719 et
678 2675 713 2718 eie
735 2673 843 2732 deinceps

94 2761 143 2806 aeq.
155 2746 189 2792 ad
201 2759 221 2791 ο,
232 2743 266 2790 11
280 2745 400 2790 ciuitatum
411 2757 530 2789 umaemun
543 2747 612 2790 etiam
624 2746 649 2790 in
660 2745 727 2789 initio
740 2746 843 2802 capitum

91 2819 157 2876 poait
177 2815 203 2862 C.
265 2815 296 2862 15
325 2819 361 2860 est
379 2829 425 2860 om.
443 2815 488 2860 AB
505 2815 569 2860 editi.
606 2815 615 2860 ΙΙ
645 2820 702 2872 poet
720 2812 846 2862 eivitasO

96 2887 147 2934 add.
166 2887 193 2932 id
212 2891 256 2933 eat.
284 2885 294 2932 ll
321 2884 440 2932 Columna
458 2885 534 2944 Regia
556 2887 626 2930 etiam
645 2885 749 2929 26312
772 2892 795 2932 et
814 2885 841 2944 G,

12 2991 14 3004 ,
95 2957 228 3016 Columpna
246 2956 323 3016 Regia
345 2957 390 3002 ΑΒ
412 2956 476 3001 editi.
541 2956 571 3000 16
599 2955 841 3003 Aroiadis26313.

12 3055 14 3078 ε
97 3030 125 3075 17
154 3028 274 3074 Tauriana
296 3029 366 3074 etiam
385 3026 497 3072 26314.
534 3026 544 3072 ΙΙ
574 3032 631 3084 poet
648 3026 768 3073 Tauriana
783 3042 842 3074 aon·

12 3097 13 3134 l
95 3098 159 3145 aella
177 3098 245 3144 addit
264 3097 292 3144 6.
366 3098 396 3142 18
426 3097 523 3142 Vibona
533 3096 647 3143 Valentia
664 3097 728 3155 editi,
747 3099 842 3146 Bibona

96 3169 203 3216 Bolentia
224 3169 274 3214 264
294 3167 318 3225 3,
346 3167 438 3214 bibona
459 3167 566 3214 valentia
590 3168 617 3214 G.
690 3170 721 3214 19
748 3169 842 3216 Tannm

12 3275 13 3282 a
99 3237 330 3296 2616166606.
395 3237 427 3284 20
455 3238 560 3298 Tempsa
577 3241 647 3285 etiam
666 3239 716 3285 264
735 3239 752 3284 6
771 3247 794 3286 et
813 3241 839 3298 G,

98 3315 168 3358 tensa
185 3309 229 3355 AB
247 3308 310 3354 editi.
