2256 3836
244 295 296 348 160
987 295 1054 346 1111

265 467 275 508 1
314 443 460 508 civitates
489 443 642 529 legimus,
673 465 713 506 ex
741 440 858 524 quibus
885 441 1057 524 aliquantas

263 570 277 614 2
314 545 482 630 designare
504 547 663 626 volumus,
685 543 720 608 id
743 559 792 609 est
815 545 928 608 civitas

262 670 277 715 ε
463 649 577 736 Tingit

262 764 278 808 4
467 751 592 818 Oodum
616 761 722 818 castra

263 870 277 916 5
464 856 561 922 Nova
582 866 723 920 oestrum

263 976 278 1020 s
464 961 627 1027 Tasaoora

264 1079 277 1122 7
465 1065 632 1129 Dracones

263 1182 278 1226 s
464 1166 605 1253 Tepidae

263 1289 277 1332 a
464 1271 574 1338 Fovea
594 1268 732 1334 rotunda

248 1396 277 1439 ro
465 1375 565 1460 Ripae
589 1375 697 1460 nigras

248 1499 277 1542 11
464 1477 633 1548 Stavulum
655 1477 740 1562 regis

175 1611 176 1615 ¹
248 1601 278 1644 11
464 1581 574 1646 Ataba

198 1755 204 1771 x
248 1704 278 1748 13
465 1685 627 1750 Taxafora

248 1813 279 1855 14
465 1789 571 1875 Fulgn

247 1915 278 1958 15
464 1893 555 1979 Figit
591 1946 593 1950 ,

248 2019 278 2063 16
466 1997 555 2064 Gent

248 2121 278 2164 17
466 2099 643 2166 Subsellint

249 2225 279 2268 18
466 2203 619 2268 Nassufa.

250 2331 280 2375 19
360 2306 444 2370 Item
477 2306 519 2372 ad
547 2307 642 2372 aliam
675 2314 800 2390 partem
828 2307 1062 2392 superscriptae

248 2434 281 2478 ro
317 2411 455 2476 civitatis
479 2434 574 2495 quam
596 2409 734 2474 diximus
756 2409 868 2496 Tingit
890 2420 966 2476 sunt
988 2411 1062 2475 oiri·

249 2537 279 2580 21
316 2521 411 2596 tateS,
433 2513 467 2578 id
491 2525 540 2579 est

319 2785 332 2827 3
352 2782 436 2840 Tingis
455 2783 519 2828 editi.
580 2785 637 2828 4-6
657 2780 756 2838 Cadum,
777 2780 870 2838 Castra,
890 2781 976 2828 Castra
994 2796 1061 2838 nova,

318 2853 437 2900 Tasaeora
458 2853 523 2900 editi.
586 2856 602 2900 4
629 2852 721 2900 Gadum
740 2857 830 2909 castra]
855 2852 964 2900 Gadaum
987 2860 1063 2899 eastra

318 2926 373 2969 Ant.
440 2925 453 2970 6
481 2925 615 2970 Tasaccora
631 2925 695 2982 Ant,
722 2924 845 2982 Tasagorn
860 2923 948 2983 fluvias
969 2924 1022 2970 158
1040 2925 1062 2969 5.

320 2995 333 3038 7
362 2996 478 3042 dracones
499 2994 523 3055 Ο,
550 2995 589 3041 Ad
607 2996 727 3040 Dracones
745 2995 799 3040 Ant.
865 2997 894 3040 13
913 2996 1021 3041 tarafora
1038 2996 1063 3041 A.

320 3067 351 3110 16
370 3067 432 3130 gerit
452 3064 475 3111 0.
531 3068 561 3111 17
582 3065 707 3112 subselliut
725 3079 789 3110 corr.
805 3064 828 3122 0,
848 3064 982 3112 Subselluit
1000 3067 1062 3112 editi.

320 3136 351 3180 19
371 3137 402 3182 ad
420 3149 464 3180 om.
477 3137 507 3182 Β.
536 3137 545 3181 ΙΙ
571 3137 753 3196 superscriptae]
772 3143 828 3182 sunt
840 3137 1001 3195 superscripto
1012 3137 1061 3192 AB,

319 3207 388 3252 iuxta
415 3206 478 3252 aditi.
558 3209 590 3252 10
627 3208 743 3262 civitatis}
773 3221 831 3265 quas
858 3208 912 3264 AB,
941 3208 1062 3254 civitatem

319 3277 382 3322 editi.
411 3277 421 3322 ΙΙ
448 3278 526 3335 tingui
545 3280 573 3334 A,
592 3279 669 3337 tingin
689 3279 711 3324 B
728 3278 793 3324 editi.
