2210 3834
4 377 5 384 ,
55 332 131 379 Iveo
810 337 862 390 285

4 485 5 558 j
74 504 84 544 1
117 479 272 542 territorio
297 479 435 544 civitatis
452 503 533 563 quae
548 480 667 546 dioitur
681 481 736 546 Ad
751 506 861 566 novas,

71 604 84 647 2
117 603 191 664 quoe
215 593 264 645 est
287 592 323 645 ut
336 583 553 668 praediximus
576 585 665 649 iuxta
681 610 766 650 mare
783 586 862 652 Gal-

71 709 83 752 3

70 815 83 857 1

70 917 82 963 5

69 1023 81 1066 6

69 1126 80 1168 7

68 1228 80 1271 8

67 1331 79 1373 9

52 1435 79 1478 10

52 1536 77 1579 11

52 1640 78 1682 12

51 1745 77 1788 13

51 1849 78 1893 11

51 1955 76 2000 15

50 2063 75 2106 16

50 2165 74 2209 17

114 685 216 750 lioum.

155 789 236 853 Item
271 791 361 854 iuxta
389 789 526 856 Romam
556 803 605 858 est
636 795 751 858 civitas
780 817 860 878 quae

116 892 230 957 dicitur
474 896 478 904 '

260 994 383 1062 Civitas
406 997 513 1080 Nova,
535 1000 612 1063 item

260 1099 411 1166 Sabbatis

261 1203 348 1268 Foro
372 1202 482 1270 Glodi.

153 1307 235 1372 Item
262 1309 353 1372 iuxta
378 1309 574 1372 territorium
603 1311 741 1378 civitatis
765 1337 860 1397 quam

112 1412 254 1496 superius
293 1410 432 1477 diximus
465 1413 623 1479 Baooanis
664 1415 706 1480 ad
737 1429 860 1502 partem

111 1515 247 1579 Tusciae
272 1524 321 1578 est
344 1516 457 1580 civitas
481 1539 563 1600 quae
586 1517 704 1584 dicitur

258 1616 376 1683 Sudrio

258 1721 459 1809 MagnensiS,
482 1725 559 1788 item

257 1826 343 1891 Foro
369 1825 445 1891 Casi

257 1930 424 1996 Beturbon

258 2035 402 2098 Balneon
424 2037 510 2122 regis

260 2136 443 2203 Orbevetus

111 2330 121 2372 1
142 2330 173 2374 od
185 2343 262 2375 nonas
274 2331 294 2374 A
305 2335 327 2374 et
336 2329 391 2374 Tob.
438 2331 451 2374 2
471 2336 498 2374 ut
508 2331 682 2388 praediximus]
702 2329 734 2390 of.
746 2331 796 2376 267
815 2333 857 2376 10.

108 2401 123 2444 4
140 2406 177 2446 est
189 2399 277 2446 civitas
289 2414 334 2444 om.
343 2402 372 2446 Δ.
419 2402 432 2445 6
453 2399 545 2446 Civitas
554 2400 637 2457 Novo]
651 2402 737 2447 civitas
745 2416 820 2448 novos
833 2402 856 2459 0,

107 2470 204 2516 civitate
223 2484 299 2516 novas
316 2471 339 2515 B
356 2471 420 2528 editi,
447 2470 486 2516 Ad
509 2486 585 2517 novos
607 2472 662 2518 Tab.
727 2475 740 2518 7
769 2472 856 2519 Sabate

110 2541 165 2586 Tau.
229 2543 244 2586 8
272 2541 413 2600 sorofiogdis
432 2542 463 2599 G,
492 2542 552 2588 Foro
572 2541 646 2590 Globi
668 2543 767 2601 Porqu,
796 2544 856 2589 Foro

107 2611 178 2658 Clodi
202 2614 266 2667 Aut,
295 2612 356 2657 Foro
380 2613 450 2658 clodo
478 2613 532 2658 Tot.
612 2615 642 2660 10
671 2615 795 2673 superius}
823 2613 856 2674 cf.

108 2682 156 2728 271
177 2683 201 2728 6.
228 2684 238 2728 ΙΙ
264 2684 370 2728 battonis
388 2684 410 2728 B
428 2684 492 2728 editi.
566 2685 596 2729 12
615 2685 715 2730 sutrium
730 2685 757 2740 G,
776 2684 856 2731 Sutrio

107 2757 161 2800 Ant.
184 2753 240 2799 Tau.
298 2755 328 2800 13
348 2755 475 2800 manieusie
496 2754 540 2812 θ’,
568 2757 720 2814 mongnensis
740 2751 778 2812 (3⁶,
807 2770 858 2801 mo-

108 2826 211 2883 gmensis
234 2823 278 2880 θη
306 2824 373 2869 tutuo
397 2824 448 2870 loco
472 2827 534 2870 iuter·
557 2825 637 2872 Sutrio
661 2833 683 2871 ot
703 2825 765 2872 Foro
789 2824 857 2872 Cassi

111 2895 200 2941 Tabula
223 2898 294 2953 pouit
316 2895 376 2941 Vico
394 2896 499 2942 matrim.
574 2899 604 2941 14
632 2898 710 2942 forum
734 2897 803 2942 cassii
829 2897 854 2953 G,

108 2966 167 3011 Foro
180 2965 249 3012 Cassi
262 2968 316 3011 Aut.
334 2966 389 3011 Tub.
447 2968 476 3011 15
497 2967 617 3012 Beterbon
630 2967 693 3024 editi,
713 2968 813 3013 veturbo
828 2968 854 3024 G,

107 3051 167 3082 nuno
178 3037 288 3082 viterbo.
356 3038 387 3082 16
414 3036 521 3082 Balneon
543 3040 619 3096 regis]
641 3052 702 3082 nuuc
720 3038 855 3098 Bognarea;

109 3106 257 3152 desideratur
275 3109 300 3152 in
316 3107 412 3164 Tabula,
436 3122 495 3166 quae
512 3110 575 3153 inter
592 3109 653 3154 Foro
673 3107 741 3154 Cassi
760 3116 782 3154 et
798 3109 856 3155 Vol-

109 3178 166 3223 sinis
185 3178 255 3224 tabet
272 3179 354 3236 Aquas
366 3178 481 3224 Passoris.
547 3181 577 3223 17
597 3180 735 3225 orthevetus
754 3183 776 3239 (r
793 3195 855 3226 man.

109 3251 164 3307 sec.)
185 3251 211 3304 A,
230 3249 359 3295 urbevetus
379 3247 414 3304 111,
433 3251 577 3295 uorbevetus
597 3247 636 3307 6⁶,
656 3251 782 3296 urbevetus
801 3251 853 3307 G·',

110 3333 168 3363 nunc
187 3319 294 3365 Orvieto.
