2314 3840
106 285 181 330 112
638 288 643 300 ⁹
905 287 940 340 29

131 454 147 496 1
189 429 253 496 illis
270 431 394 516 egressi
409 441 493 496 sunt.
532 432 622 498 ouius
640 441 714 516 post
728 441 820 519 terga
835 430 940 498 Ocea·

130 555 147 598 s
189 557 268 598 num
291 556 356 596 uon
378 527 557 598 insanimus
580 536 733 621 navigari.

131 660 147 702 a
235 635 380 721 Septima
402 645 438 700 ut
460 635 539 700 hora
560 639 663 702 nootis
687 637 867 704 Sarmatam
891 649 940 704 est

130 760 149 804 4
188 741 310 826 patria3
345 763 385 803 ax
421 761 497 822 quav
512 741 616 824 patria
643 764 722 826 gens
752 739 939 826 Carporum,

133 861 149 906 o
190 855 273 927 quas
296 844 357 908 fuit
379 866 419 906 ex
441 842 617 927 praedicta,
644 845 677 908 in
699 844 784 910 bollo
810 867 940 930 egressa

133 964 149 1008 o
189 957 249 1011 est.
297 947 387 1010 ouius
416 955 490 1031 post
518 957 610 1033 targa
639 945 788 1012 Oceanus
817 948 940 1012 innavi-

133 1065 149 1109 1·
188 1047 305 1134 gabilis
330 1057 388 1112 est.

134 1171 150 1216 8
235 1150 363 1218 Ootava
393 1163 429 1218 ut
457 1152 535 1218 hora
569 1153 674 1233 noctis
701 1152 941 1218 Roxolanorum

136 1275 151 1317 o
190 1267 240 1322 est
262 1257 376 1342 patria.
423 1259 513 1322 ouius
536 1267 610 1342 post
631 1267 723 1344 terga
737 1259 821 1320 iuter
836 1254 941 1322 Ocea-

118 1376 152 1421 10
190 1385 268 1426 num
283 1361 397 1446 prooul
412 1383 529 1446 magna
543 1361 647 1426 insula
661 1361 793 1442 antiqua
807 1357 941 1444 Scythia

117 1479 150 1524 11
190 1465 357 1549 reperitur.
404 1485 499 1547 quam
521 1464 659 1528 insulam
673 1463 816 1548 plerique
837 1464 941 1548 philo-

118 1563 159 1630 12¹
190 1568 284 1652 sophi
313 1567 561 1654 historiographi
597 1564 804 1644 conlaudant3
845 1589 941 1650 quam

118 1689 151 1734 13
191 1681 223 1734 ot
238 1669 398 1735 Iordanus
417 1671 671 1754 sapientissimus
691 1671 940 1756 cosmographus
1013 1705 1015 1722 ·

117 1791 152 1838 14
190 1773 338 1840 Soanzan
361 1774 509 1859 appellat.
555 1797 596 1836 ox
611 1796 674 1856 qua
689 1773 794 1838 insula
807 1775 941 1858 paritor-

118 1897 152 1944 15
191 1900 254 1961 que
282 1886 395 1964 gentos
424 1876 640 1942 occidentales
673 1899 820 1964 egressae
849 1887 939 1942 sunt:

117 2000 152 2045 16
190 2004 266 2046 nam
290 1977 431 2046 Gotthos
455 1990 487 2044 et
508 1982 640 2063 Duum,
671 1981 735 2047 imo
758 1981 852 2046 simul
876 1979 941 2046 Ge-

118 2103 152 2148 17
190 2083 294 2169 pidas,
319 2107 359 2148 ox
381 2107 419 2147 aa
441 2086 616 2168 antiquitus
635 2086 743 2150 exisse
764 2085 911 2172 legimus.

118 2208 152 2252 18
235 2187 334 2252 Nona
352 2196 398 2250 ¹ut
426 2189 505 2252 hora
532 2190 637 2254 noctis
663 2189 864 2254 Amazonum
893 2197 941 2254 est

119 2313 153 2358 19
192 2315 274 2376 quae
290 2291 330 2356 ab
347 2292 486 2375 antiquis
502 2291 619 2358 dioitur
636 2293 749 2378 patria,
771 2303 941 2378 postquam

118 2417 153 2462 20
192 2419 246 2460 aas
259 2395 299 2458 ds
311 2395 473 2460 montibus
481 2393 647 2460 caucasiis
658 2397 783 2462 venisse
793 2398 939 2483 legimus.

118 2521 152 2566 21
193 2499 285 2566 ouius
307 2508 381 2582 post
402 2509 494 2585 terga
516 2498 558 2562 ad
579 2500 716 2564 frontem
726 2494 871 2585 ‘spatiosa
886 2524 941 2564 an-

118 2624 153 2670 as
179 2589 283 2686 tiqua
297 2600 464 2666 Dardania
483 2603 622 2687 ponitur,
645 2612 677 2666 et
692 2602 828 2688 desuper
842 2615 878 2668 ut
894 2603 941 2668 di-

193 2826 208 2870 3
236 2825 374 2870 soirmatum
386 2824 415 2869 B.
462 2825 475 2868 6
505 2825 596 2870 ooeanst
607 2827 636 2882 A,
655 2839 770 2870 oceanum
785 2825 815 2869 B.
861 2826 875 2870 8
903 2839 941 2871 ro-

192 2893 330 2940 xolmorum
341 2894 371 2938 B.
454 2897 467 2939 9
495 2896 564 2951 inter]
584 2896 646 2944 infra
663 2897 691 2942 A.
766 2896 796 2940 10
825 2895 894 2942 sictia
912 2897 940 2951 A,

193 2965 281 3012 scithia
298 2964 328 3008 B.
394 2967 424 3010 12
453 2965 646 3024 hystoriographi
663 2966 701 3010 B.'
760 2968 790 3012 13
817 2965 940 3023 Iordanus]

193 3035 303 3080 derebus
317 3034 503 3093 Gammausa&
565 3039 598 3082 14
625 3035 741 3082 scanzam
754 3037 823 3092 edith
841 3036 942 3083 Seanzia

193 3105 272 3152 insula
289 3105 387 3150 Iordaa.
407 3104 458 3150 alii.
478 3107 487 3152 ll
512 3107 635 3166 appellant
651 3108 680 3152 Β.
737 3109 767 3152 16
795 3108 843 3152 imo
862 3107 941 3162 aimull

193 3177 302 3222 imosimo
316 3176 366 3232 AB,
390 3177 499 3224 imosimo
518 3177 589 3223 simul
606 3177 664 3224 editi
682 3191 764 3234 errore
782 3183 873 3238 typopr.
880 3181 942 3238 pri·
1038 3228 1039 3236 ἵ

193 3246 379 3292 macerationis.
450 3249 482 3293 20
511 3249 643 3294 caucausiis
660 3250 689 3296 A.
