2234 3842
70 373 149 410 ovino
170 361 219 408 122
836 357 888 412 549

86 534 98 578 1
134 531 207 572 rum
233 515 370 592 tangens
392 505 581 592 Aegyptum
608 508 800 572 inferiorem.
845 507 888 572 ad

84 636 98 681 1
133 611 274 676 frontem
301 631 378 674 vero
407 609 550 676 eiusdem
572 611 764 696 Aethiopiae
790 611 889 676 habet

85 741 98 786 a
133 715 215 780 fines
237 712 418 800 pergrande
439 712 567 780 Nitriae
590 738 741 797 eremum,
771 713 887 780 deinde

85 846 99 889 4
133 816 335 903 praedictam
362 816 567 904 Aegyptum,
596 838 677 900 quae
705 841 740 884 ee
769 820 888 904 spatio·

83 948 97 993 r
132 922 260 988 sissima
275 919 440 987 dilatando
454 942 557 1004 usque
577 920 619 986 ad
634 945 721 988 mare
735 946 888 1009 magnum

84 1049 97 1095 s
135 1024 331 1090 extenditur.

83 1154 97 1199 1
154 1127 230 1198 122.
263 1129 378 1194 Afiiea
391 1127 490 1193 habet
504 1127 585 1193 fines
602 1128 642 1194 ab
658 1131 780 1194 oriente
795 1153 887 1216 prae-

82 1256 96 1302 1
130 1233 231 1298 latam
252 1231 408 1298 Arabiam
430 1241 463 1296 et
485 1233 649 1318 regionem
671 1235 767 1300 maris
783 1235 888 1300 Rubri

82 1360 96 1405 e
134 1345 167 1402 et
180 1359 220 1402 ex
230 1345 322 1421 parte
332 1336 497 1423 regionem
507 1334 741 1402 Hebraeorum.
771 1337 888 1402 deinde

66 1463 96 1508 10
132 1439 176 1504 ad
189 1462 276 1504 mare
292 1462 444 1525 magnum
457 1441 649 1504 terminatur
667 1439 714 1526 ad·
725 1442 888 1506 civitatem

67 1567 95 1612 11
134 1565 217 1627 quae
239 1551 375 1608 vooatur
389 1542 623 1625 Rinoouroren,
646 1567 727 1626 quae
749 1547 888 1631 pertinet

66 1669 95 1715 11
133 1645 176 1711 ad
208 1646 346 1731 patriam
377 1646 531 1733 Aegypti.
583 1646 625 1711 ad
654 1656 779 1732 partem
810 1671 887 1714 vero

66 1772 96 1818 11
133 1750 416 1836 septentrionalem
449 1749 547 1814 habet
576 1751 674 1815 finem
703 1775 790 1816 mare
820 1775 887 1816 ma-

65 1878 97 1925 11
132 1877 244 1941 gnum,
267 1853 357 1918 ouius
379 1855 474 1920 litora
494 1855 687 1940 navigantur
707 1878 766 1941 per
786 1863 887 1920 totam

65 1981 95 2027 11
132 1958 322 2043 Aegyptum
349 1966 382 2022 et
406 1956 636 2022 Mauritaniam
659 1954 887 2044 Cyrenensem‚

65 2087 95 2132 16
132 2060 281 2124 Africam
308 2070 404 2144 atque
426 2058 630 2143 Numidiam,
657 2061 887 2129 Mauritaniam

65 2189 95 2234 17
133 2162 387 2245 Caesariensem,
411 2163 618 2249 Tingitanam
641 2189 768 2250 quoque
790 2166 887 2230 Mau-

64 2292 96 2338 11
132 2268 292 2349 ritauiam,
318 2267 476 2350 simulque
498 2267 728 2334 Mauritaniam
751 2267 886 2334 Gadita·

65 2395 96 2440 11
132 2394 207 2436 nam
229 2393 332 2454 usque
352 2368 394 2436 ad
416 2371 543 2456 saepius
558 2372 756 2438 nominatum
769 2373 886 2438 fretum

167 2598 260 2645 codices
277 2596 326 2660 bfo.
364 2596 398 2660 cf.
410 2599 470 2680 Rue.
484 2599 536 2644 116
555 2598 589 2643 12
602 2613 638 2658 aq.
657 2605 680 2644 et
697 2598 749 2646 165
768 2599 801 2643 11
814 2612 850 2657 aq.

134 2710 146 2754 1
175 2709 285 2767 egiptum
303 2705 329 2769 f.
403 2709 418 2754 2
446 2709 552 2768 ethiopia
569 2706 596 2769 s.
668 2711 682 2755 3
710 2709 832 2754 heremum
843 2705 885 2768 fo.

132 2780 148 2825 4
175 2779 301 2838 praedicta
318 2779 354 2825 ho.
391 2779 401 2825 ii
435 2779 543 2839 egiptum
556 2778 582 2840 f.
612 2778 622 2825 ii
656 2779 830 2839 speciosissime
850 2777 885 2840 bs.

131 2849 147 2896 5
175 2849 308 2896 dillatando
327 2865 349 2895 v.
418 2851 432 2896 7
459 2856 515 2896 ante
536 2851 619 2896 Africa
641 2865 654 2896 a
677 2850 748 2896 babet
770 2850 886 2896 terminus

131 2920 195 2966 asiae
214 2925 239 2966 et
257 2933 368 2979 europae.
396 2919 406 2967 ΙΙ
431 2921 504 2968 africe
524 2921 545 2967 b.
601 2923 616 2967 8
637 2923 651 2967 9
679 2921 886 2980 marie-regio-

130 3004 186 3037 11111
204 3004 290 3037 1111.
345 2991 375 3036 11
404 2990 578 3049 Rinoourorenl
597 2991 756 3038 rinocuroueu
775 2991 796 3048 b,
819 2993 886 3038 uico·

130 3075 208 3108 urouu
225 3076 247 3106 a.
304 3061 334 3106 12
363 3062 438 3122 egipti
455 3060 481 3122 f.
538 3065 570 3110 14
591 3061 673 3108 littora
684 3060 725 3122 fo.
782 3061 813 3107 15
837 3062 886 3122 egi·

130 3137 199 3191 ptum
206 3129 232 3192 f.
260 3131 270 3176 ΙΙ
296 3132 440 3179 cirenensem
453 3130 488 3193 bf.
554 3135 585 3179 16
611 3133 718 3180 affricam
735 3131 761 3193 s.
789 3133 799 3178 ΙΙ
828 3139 886 3192 poet

130 3202 270 3248 Numidiam
287 3205 389 3261 spetiem
405 3217 503 3250 vacuam
521 3204 543 3250 b.
620 3205 651 3250 17
682 3204 837 3250 oesoriensem
858 3202 885 3265 f.

131 3273 332 3331 itMauritauiaml
357 3275 502 3322 maritimam
527 3289 548 3322 v.
627 3275 658 3321 18
686 3275 838 3322 moritaniam
857 3272 884 3335 f,

131 3345 289 3390 mauritanum
317 3344 339 3390 1.
