2314 3840
88 272 134 319 la

107 439 119 484 1
158 438 323 497 caumosa,
342 416 420 480 litus
436 412 560 480 Oceani
574 415 842 501 spatiosissimum
856 415 911 481 de-

106 543 121 587 a
158 528 282 584 sertum
296 518 404 584 habet.
449 519 484 582 in
499 540 562 601 qua
576 519 681 603 patria
695 528 772 584 sunt
785 528 910 583 montes

105 646 120 691 a
158 624 216 707 qui
242 623 395 688 dicuntur
423 621 597 686 Tuliatodi.
648 623 682 686 in
716 645 780 706 qua
807 621 911 707 patria

105 749 122 794 4
157 726 235 790 litus
251 723 377 790 Oceani
399 722 477 789 item
491 724 607 790 fluvius
624 723 693 790 Ger
706 725 910 790 turbulentus

105 850 120 896 5
159 830 270 892 currit.
322 827 413 892 cuius
445 827 626 892 Biboblatis
640 870 645 880 ι
661 829 910 914 spatiosissimas

106 958 121 1002 a
157 933 282 1016 patriae
297 931 340 995 ad
354 932 504 1013 frontem,
527 931 690 997 immensis
712 937 789 1018 'prae
804 931 910 996 medio

106 1061 126 1105 τ’
158 1035 290 1119 spatiis,
321 1044 359 1098 ut
387 1033 531 1100 dicamus
560 1035 637 1099 litus
664 1037 761 1100 maris
790 1036 910 1122 magni,

105 1162 121 1207 s
157 1147 228 1202 tota
249 1138 406 1202 Africana
428 1139 559 1223 ponitur
586 1139 676 1225 regio
699 1149 732 1204 et
754 1138 911 1204 Numidia

106 1265 120 1310 a
158 1250 256 1324 atque
278 1240 476 1305 Mauritania
498 1239 726 1307 Caesariensis

89 1368 120 1412 ro
170 1377 174 1384 ·
202 1341 348 1428 Septima
370 1352 406 1408 ut
428 1344 507 1408 hora
522 1344 586 1409 diei
600 1345 798 1410 Mauritania
812 1346 931 1411 ascri·

89 1474 118 1518 11
156 1446 246 1512 bitur
273 1447 403 1510 Perosis
432 1448 484 1510 vel
515 1449 620 1533 patria
648 1451 832 1514 salinarum.
875 1450 909 1514 in

89 1575 119 1620 12
158 1571 223 1633 qua
243 1550 348 1634 patria
370 1551 486 1616 iterum
508 1553 648 1616 maxima
670 1562 817 1618 caumata
839 1576 909 1618 esse

87 1679 119 1724 13
156 1653 323 1731 videntum
353 1654 386 1717 in
409 1675 474 1736 qua
495 1655 669 1720 maximum
692 1654 811 1720 deserti
836 1679 910 1741 spa·

87 1783 119 1827 14
156 1759 239 1822 tium
268 1766 318 1822 est
346 1766 379 1821 et
400 1766 525 1821 montes
555 1758 611 1840 qui
639 1757 793 1823 dicuntur
813 1759 908 1826 Litri.

87 1884 118 1930 15
156 1871 231 1946 post
253 1870 346 1947 terga
367 1863 489 1946 patriae
511 1861 625 1946 procul
643 1861 727 1924 infra
742 1859 910 1928 Oceanum

87 1987 119 2030 rs
157 1974 223 2028 ires
251 1988 388 2050 magnae
410 1965 533 2029 insulae
555 1964 771 2028 inveniuntur.
817 1967 908 2031 cuius

87 2091 119 2137 17
158 2091 178 2132 a
191 2067 297 2131 fronte
314 2065 448 2152 patriae,
463 2067 564 2131 multa
578 2089 655 2151 prae
671 2067 777 2132 medio
794 2069 909 2155 spatia,

88 2196 119 2240 rs
157 2170 192 2235 id
207 2179 256 2234 est
266 2171 343 2234 litus
355 2171 451 2235 maris
463 2171 583 2257 magni,
598 2169 797 2236 Mauritania
810 2172 910 2238 ascri·

87 2301 119 2345 1⁹
156 2271 245 2339 bitur
273 2273 463 2360 Tingitana,
493 2296 574 2358 quae
604 2275 770 2340 confinalis
800 2276 909 2341 existit

86 2402 119 2448 eo
158 2401 255 2463 supra
270 2377 409 2462 scriptae
425 2377 640 2461 Mauritaniae
658 2375 887 2445 Caesariensis.

160 2595 172 2638 l
202 2592 380 2648 connaturati,
400 2590 572 2652 quiiafralll
584 2591 600 2638 5
619 2605 741 2640 caumosa.
798 2594 813 2640 3
840 2592 910 2640 nilis-

157 2664 209 2709 todi
227 2664 256 2720 A,
275 2665 314 2722 qui
331 2661 401 2723 infra
417 2661 458 2709 III
473 2663 490 2708 5
508 2662 643 2719 rnlliatodi;
662 2662 719 2708 aliis
736 2665 820 2724 iynoti.
838 2663 848 2710 ΙΙ
867 2678 910 2723 pa-

157 2734 205 2779 tria
222 2747 267 2778 om.
284 2733 307 2778 B
325 2733 390 2779 editi.
462 2734 477 2779 5
505 2735 680 2792 speciosissime
698 2735 728 2780 B.
802 2735 817 2780 8
845 2735 910 2781 affri-

157 2803 279 2858 canaAB,
298 2801 333 2864 cf.
347 2803 418 2850 813.
465 2805 497 2850 10
515 2804 768 2851 adsmibitanediti.
816 2806 846 2852 ll
866 2804 910 2851 Pe·

156 2875 225 2930 rosis}
237 2872 330 2920 Perorsi
342 2873 430 2932 Plinio,
448 2874 581 2941 Περόρσοι
597 2873 732 2920 Ptolemaeo
744 2889 802 2935 year
814 2876 910 2921 Maura-

158 2946 249 3001 iunice,·
276 2942 344 3004 infra
372 2945 395 2991 V
409 2945 443 2990 28
466 2945 545 2991 Peras.
569 2944 578 2989 ΙΙ
599 2943 740 3001 salinarum}
766 2944 799 3006 cs.
823 2945 863 2991 111
883 2945 909 2991 9.

159 3016 190 3060 12
218 3003 306 3060 ramni
327 3017 415 3062 aar.
488 3017 519 3061 14
546 3014 616 3071 Liar]
639 3014 779 3074 natiuae,
798 3016 910 3062 tumens

157 3085 221 3131 editi.
283 3087 315 3131 16
342 3085 443 3142 insulae]
462 3083 589 3146 cs.1119.
649 3087 680 3131 18
706 3086 910 3146 postmagniAB

157 3155 213 3202 editi
230 3155 323 3202 addunt
339 3156 372 3202 in.
390 3157 401 3202 ΙΙ
417 3156 561 3204 adscribitur
579 3155 643 3202 cdiii.
732 3157 764 3202 20
792 3169 863 3216 super
878 3157 908 3202 Β.

157 3227 167 3272 ΙΙ
180 3227 307 3272 cesariensi
323 3227 353 3272 A.
840 3259 842 3262 -
