2242 3838
78 284 109 330 IV
127 286 142 330 3
838 280 887 332 171

95 452 106 495 1
141 429 202 492 lius
224 427 382 492 Livanius
405 425 614 512 philosophus
640 427 778 490 vicinam
799 426 890 510 palu-

94 554 107 598 2
142 530 191 596 dis
213 528 400 596 Maeotidae
429 530 621 595 summitatis
643 551 713 593 esse
736 528 889 609 decernit,

94 658 108 702 a
141 633 294 698 adserens
317 632 556 698 multitudinem
584 633 722 718 piscium
750 655 790 696 ex
811 632 890 696 viei-

94 761 107 804 r
141 735 293 800 nantibus
322 735 403 800 locis
425 734 560 818 habere,
589 735 647 800 sed
675 744 711 799 ut
733 733 889 799 barbarus

22 869 24 918 2
93 862 106 906 o
140 863 209 905 mos
232 848 294 920 est,
317 837 438 903 insulse
461 861 515 904 eos
537 839 709 923 perfruere.
877 905 881 916 ,

93 969 106 1011 o
173 943 203 1010 3.
262 941 347 1005 Item
378 942 483 1026 patria
513 941 650 1006 Licania
681 942 889 1007 Bosforaniae

94 1072 105 1115 r
141 1048 230 1111 iuxta
252 1067 341 1108 mare
363 1043 535 1108 Ponticum
560 1045 675 1130 posita.
721 1047 812 1111 ouius
833 1069 890 1131 pa·

93 1175 106 1218 8
140 1151 222 1214 triae
245 1148 400 1232 plurimos
425 1147 639 1232 descriptores
667 1149 821 1234 legimus,
851 1172 891 1212 ex

94 1277 106 1320 9
142 1251 259 1336 quibus
282 1249 545 1314 nefandissimum
560 1251 784 1338 Porphyrium,
807 1251 891 1315 lam‘·

22 1435 24 1448 ,
81 1380 107 1423 10
141 1355 298 1434 blichum‚
320 1352 503 1434 livanium,
532 1351 730 1418 Graecorum
751 1355 891 1440 philoso-

83 1482 107 1525 11
142 1459 233 1544 phos,
253 1455 316 1524 ,sed
338 1466 370 1520 et
385 1457 589 1522 Arbitionem
611 1468 644 1522 et
657 1458 829 1522 Lolianum
843 1467 891 1522 at·

83 1585 109 1628 11
144 1584 204 1646 que
228 1559 412 1627 Castorium
434 1560 652 1626 Romanorum
673 1562 890 1646 philosophos.

85 1689 109 1732 rs
144 1665 200 1730 sed
224 1689 285 1753 ego
315 1663 492 1729 secundum
519 1666 698 1748 praefatum
719 1655 891 1730 Livanium

84 1791 110 1836 14
143 1769 274 1834 inferius
305 1767 408 1832 dictas
438 1768 584 1833 civitates
606 1768 814 1833 Bosforaniae
835 1789 891 1853 pa·

147 1989 281 2036 llinamus
300 1990 329 2034 Α.
357 1988 367 2033 ll
391 1988 471 2034 vicina
488 1990 539 2035 AB.
567 1989 577 2035 ll
602 1989 686 2048 paludi
706 1987 730 2035 0.
794 1991 891 2036 2mso·

144 2062 191 2106 tide
204 2057 253 2106 BG.
282 2059 292 2104 ΙΙ
317 2059 519 2106 sumitatisABC.
542 2059 552 2105 ll
572 2061 702 2106 decernunt
715 2060 764 2104 AB.
820 2063 834 2106 3
854 2075 891 2108 us-

144 2144 220 2176 serens
240 2129 259 2176 0
276 2129 341 2176 editi.
369 2130 378 2175 ΙΙ
403 2130 505 2188 piscium
517 2131 596 2175 om.B
609 2131 672 2175 editi.
700 2130 709 2174 ΙΙ
734 2123 891 2177 vicinantium

143 2201 248 2246 locorum
267 2201 311 2246 AB
329 2200 393 2246 editi.
449 2201 462 2245 5
482 2200 578 2256 insulse!
597 2199 674 2246 insule
692 2200 742 2256 AB,
762 2199 846 2247 insulis
866 2200 889 2258 0,

145 2271 234 2318 insulae
257 2271 323 2316 editi.
351 2271 360 2315 ll
382 2275 440 2328 post
458 2272 576 2328 perfruere
600 2272 622 2316 B
646 2271 702 2316 odd.
726 2270 760 2327 X,
790 2270 892 2318 caudit

145 2343 172 2388 de
197 2341 288 2388 licsnia
314 2341 450 2387 bosforanic
477 2342 548 2387 iuxta
570 2355 634 2386 maro
657 2341 782 2400 ponticum
804 2344 890 2399 posita.

113 2411 117 2419 “
146 2415 159 2459 6
177 2413 348 2468 Bosforaniael
367 2410 482 2471 p’r‘oragie
502 2414 528 2470 [i.
542 2426 561 2457 c.
580 2412 739 2471 postforagie)
753 2413 780 2468 A,
799 2427 844 2470 pus
856 2414 892 2459 fo-

145 2485 208 2542 ragio
220 2485 250 2540 B,
270 2483 397 2528 Bosfcrsni
410 2481 474 2538 Tab„
494 2485 673 2552 Boanopavol
681 2481 745 2528 Ptol.
796 2485 809 2528 7
829 2483 892 2530 Pon-

145 2555 225 2611 ticum]
238 2557 300 2614 potii
312 2554 341 2598 B.
392 2554 405 2598 9
425 2553 645 2611 nephandissimum
659 2552 683 2610 C,
700 2553 810 2599 nefandis
822 2555 853 2600 sit
862 2555 891 2612 B,

144 2626 253 2672 nesandls
271 2631 299 2670 ut
316 2626 345 2681 A,
372 2624 488 2670 nefandus
506 2625 538 2670 sit
556 2625 619 2682 editi,
653 2622 734 2684 cs.lV
750 2624 774 2668 5.
802 2624 812 2669 ΙΙ
837 2639 892 2684 por·

145 2697 248 2754 phirium
260 2694 308 2753 Ac,
327 2694 465 2753 Porphirius
482 2694 547 2740 editi.
574 2695 584 2741 ΙΙ
607 2694 751 2740 lamblichus
763 2695 814 2752 AB,
832 2695 892 2742 lam·

146 2765 252 2812 blichum
272 2765 296 2824 0,
325 2764 472 2812 lamblichus
490 2765 555 2810 editi.
612 2768 642 2812 10
670 2765 768 2810 laviansr
785 2766 835 2822 AB,
863 2766 892 2811 li-

146 2851 232 2882 nanum
263 2835 291 2894 Ο,
324 2837 438 2882 Livanius
465 2835 529 2881 editi.
561 2835 571 2880 ll
596 2837 753 2895 philosophus
779 2838 799 2882 A
827 2837 891 2894 editi,

147 2907 312 2966 phylosophus
330 2908 360 2952 B.
430 2907 459 2951 11
490 2913 579 2964 etpost
590 2909 632 2952 sed
650 2921 694 2951 om.
705 2907 734 2951 B.
762 2907 771 2950 ΙΙ
797 2908 892 2954 Arbitio

148 2977 209 3023 editi.
240 2978 333 3024 Arbitio
347 2983 369 3024 et
380 2975 506 3022 Lollianus
519 2977 626 3023 consules
644 2979 701 3022 aaut
717 2977 769 3022 355
781 2992 809 3036 p.
824 2978 892 3034 ctu,-

148 3047 179 3108 cf.
189 3049 224 3094 lo.
234 3049 307 3106 Bapt.
318 3045 346 3094 de
354 3049 431 3105 Romi,
453 3047 566 3092 Giornale
575 3048 692 3093 Arcadico
713 3049 736 3094 T.
744 3049 794 3094 124
813 3050 891 3095 1851.

148 3118 283 3166 llLolianus
302 3119 364 3165 editi.
422 3120 453 3164 12
473 3117 597 3164 Castorius
609 3119 673 3163 editi.
700 3118 709 3162 ΙΙ
734 3119 892 3178 philosophus

150 3190 210 3237 editi.
266 3191 297 3236 13
316 3189 438 3236 larianum
456 3191 484 3234 A.
541 3190 573 3234 14
597 3189 732 3235 bosforauie
750 3192 826 3250 patrie
845 3189 891 3249 Ad,

150 3274 190 3306 om.
209 3263 238 3307 B.
331 3262 335 3265 ’
