2242 3838
231 336 285 390 248
967 341 1001 388 1v
1020 343 1056 388 29

252 509 265 552 1
302 483 337 548 id
370 493 420 550 est
451 486 617 570 provincia
644 485 864 566 castellorum,
899 509 983 570 quae
1013 489 1057 554 ab

249 611 266 656 a
303 589 443 672 antiquis
476 589 523 652 iia
555 587 745 667 vocabatur3
779 590 856 654 item
890 589 934 654 ad
966 615 1057 656 mare

251 716 266 760 a
303 714 456 777 magnum
467 691 671 757 Adriaticum
682 693 773 757 iuxta
782 693 960 778 praefatam
970 695 1058 760 Pen-

250 817 267 862 4
303 795 436 880 inpolim
459 805 508 860 esi
528 797 693 880 provincia
715 794 934 882 Spolitium
956 795 1057 863 Sau-

252 921 266 966 5
306 900 956 984 oensis7iiemprovinciaDenarsis‚
978 901 1058 966 item

252 1026 267 1070 6
304 1003 470 1087 provincia
491 1001 658 1087 Apulia,
685 1005 763 1068 item
785 1005 952 1089 provincia
974 1027 1058 1088 quae

253 1128 267 1172 7
305 1103 935 1172 diciturCalabriaBrindieensis.
970 1109 1059 1195 girat

253 1231 268 1277 a
306 1218 413 1273 autem
427 1210 499 1294 ipsa
512 1209 608 1274 Italia
622 1208 657 1274 id
672 1220 721 1275 est
736 1210 776 1274 de
791 1210 960 1276 Adriatico
976 1214 1060 1277 mari

253 1335 267 1378 a
305 1313 339 1376 in
355 1310 482 1378 Gallico
506 1336 526 1377 a
546 1313 713 1398 provincia
734 1314 870 1380 Prinas
886 1313 1059 1402 Rigien-

237 1436 268 1481 10
306 1417 377 1482 sis:
405 1439 480 1480 nam
509 1425 543 1481 et
569 1425 619 1480 est
646 1418 811 1502 provincia
831 1419 916 1483 inter
938 1419 1060 1485 Adria-

237 1540 266 1585 11
304 1520 406 1584 ticum
427 1543 514 1584 mare
537 1529 570 1584 ei
593 1517 755 1586 Gallicum
777 1521 884 1586 media
909 1545 994 1607 quae
1015 1525 1058 1589 ab

238 1641 269 1688 12
307 1624 446 1707 antiquis
469 1622 587 1688 dieitur
608 1621 842 1710 Campania,
865 1647 948 1710 quae
970 1651 1060 1693 nune

238 1746 269 1791 13
305 1727 606 1792 Beneventanorum
622 1725 740 1792 dieitur
748 1729 863 1813 patria,
878 1729 971 1795 iuxta
980 1754 1059 1796 vero

238 1851 270 1896 14
306 1853 393 1896 mare
409 1829 574 1896 Gallicum
596 1840 646 1895 esi
667 1832 833 1916 provincia
854 1833 889 1896 in
904 1834 977 1920 ipsa
990 1834 1058 1900 Ita·

308 2055 321 2099 1
341 2051 507 2112 provinciam?
533 2053 543 2099 ΙΙ
569 2053 753 2100 castellanorum
772 2053 854 2100 Gnido.
884 2055 894 2100 ii
918 2062 975 2114 poet
997 2071 1059 2115 qnae

306 2125 327 2170 A
350 2123 405 2170 add.
430 2125 472 2170 ita.
546 2125 560 2169 2
588 2125 623 2169 ita
643 2125 786 2182 vocabatur]
811 2127 845 2170 aie
862 2125 895 2183 A,
923 2127 1014 2173 dicitur
1034 2127 1058 2184 0,

275 2249 281 2258 ι
306 2208 351 2240 om.
370 2195 393 2240 B
411 2195 474 2241 editi.
515 2195 635 2240 Umbriam
659 2209 708 2240 esse
725 2197 860 2253 suspicatur
877 2196 1058 2255 Memmius,-

308 2264 409 2311 Gnidum
429 2256 619 2324 septimadecima
641 2271 676 2310 esi
693 2265 801 2312 Umbria.
867 2267 883 2312 4
912 2266 1057 2326 Spolitium]

306 2335 416 2382 Pisinum
443 2334 546 2394 spoletii
574 2335 657 2382 Gnido.
694 2336 703 2382 ΙΙ
736 2337 840 2382 sacensis
861 2338 884 2383 B
906 2338 976 2396 editi,
1003 2354 1058 2386 san·

307 2406 393 2452 aiensis
417 2404 462 2464 Gis,
493 2407 620 2453 sansiensis
647 2407 795 2465 Mammiae,
823 2409 839 2452 i.
863 2422 882 2453 e.
911 2411 1059 2462 Σαυνῖτιςέ

217 2511 219 2524 .
307 2475 398 2523 Sabina
417 2476 527 2536 Greqorii
544 2477 644 2537 Maqaii
661 2479 786 2522 etiamnum
805 2475 903 2524 Sabina.
965 2481 979 2526 5
1010 2481 1058 2526 De·

305 2547 389 2605 narsis,
413 2549 470 2594 item
488 2549 613 2606 provincia
630 2547 730 2607 Apulia,
753 2549 811 2594 item
829 2551 954 2608 provincia
971 2565 1019 2596 om.
1037 2552 1059 2596 B

305 2617 370 2664 editi.
407 2618 416 2663 ΙΙ
458 2619 583 2672 Denersis]
606 2618 737 2665 Dardensis
761 2617 849 2675 Gnido,·
871 2626 955 2678 posset
973 2621 1059 2668 haberi

301 2703 350 2748 pro
362 2689 450 2735 Nursia
468 2688 540 2736 Pauli
551 2691 661 2746 Diaeoai,
680 2689 722 2734 sed
739 2695 761 2734 et
779 2689 868 2736 Nursia
885 2697 908 2736 et
924 2691 1058 2739 Dardensis

305 2761 457 2806 nominantur
469 2775 484 2806 a
497 2759 608 2806 Gnidoae.
655 2761 669 2806 6
688 2760 769 2819 apulie
778 2761 821 2805 AB
834 2761 898 2807 editi.
945 2765 959 2808 ’ἰ
981 2761 1059 2823 Gyrat

306 2830 370 2876 cdiii.
425 2831 440 2876 8
463 2834 556 2888 autem]
575 2834 617 2877 aut
636 2829 661 2876 0.
688 2831 698 2876 ΙΙ
723 2830 800 2890 ytalia
822 2831 845 2876 B
863 2831 900 2877 hic
918 2838 942 2877 et
955 2836 1056 2891 passim.

306 2900 393 2947 imaro
410 2901 453 2946 AB
471 2901 535 2948 editi.
591 2903 604 2946 9
625 2904 652 2957 a]
671 2903 702 2948 ad
722 2899 744 2948 C.
774 2901 783 2947 ii
808 2903 940 2960 provinciis
952 2904 980 2958 A,
1002 2917 1057 2962 pro·

306 2973 396 3018 vintias
413 2973 447 3028 B,
478 2973 614 3030 provincias
638 2970 661 3018 0.
698 2972 707 3018 ΙΙ
745 2972 822 3018 Pritas
844 2973 976 3032 Rigiensis]
1001 2976 1017 3020 i.
1036 2989 1055 3020 e.

306 3041 399 3089 Brattia
416 3043 548 3102 Regiensis,
567 3041 643 3088 Panlo
661 3043 769 3088 Diacoao
788 3043 872 3089 Brisa.
904 3043 1057 3101 „Correctori

306 3111 427 3160 Lucaniae
440 3119 464 3160 et
479 3113 636 3159 Brittiorum“
655 3113 1057 3173 1aaer.Re9niNeap.ed.Momm-

306 3197 347 3229 sen
364 3185 438 3230 ao.3‚
507 3185 537 3230 10
566 3199 621 3230 nam
640 3185 675 3239 etl
693 3197 796 3242 namque
814 3185 843 3230 A.
871 3185 880 3230 ΙΙ
905 3190 943 3232 est
965 3199 1010 3231 om.
1031 3184 1054 3242 C,

302 3261 360 3313 post
376 3255 501 3314 provincia
513 3257 584 3314 ponit
601 3255 629 3300 A.
657 3255 666 3300 ΙΙ
691 3255 813 3314 provintia
829 3255 859 3302 B.
925 3257 955 3302 12
985 3254 1055 3302 Gam-

306 3325 390 3384 pania]
410 3325 533 3372 Samnium
553 3325 636 3371 Gnido.
