2198 3840
59 283 139 332 V34
829 287 881 339 445

77 454 90 498 1
133 432 191 496 lius
206 441 445 517 perscrutantes
458 428 587 497 Christo
602 431 694 498 nobis
709 433 881 498 auxiliante

76 557 91 600 a
134 533 380 622 designavimus.
424 537 532 620 itaque
548 537 655 600 omnia
669 535 890 623 adimplentes¹

76 659 91 704 s
133 637 171 702 ad
202 661 385 724 supremam
417 648 454 703 ut
483 638 627 705 dicamus
655 649 757 705 totam
785 641 880 726 longe

75 761 94 806 4
132 742 259 826 lateque
276 739 427 806 diffusam
441 743 555 808 Asiam
570 751 603 807 et
617 744 881 829 spatiosissimam

1 930 2 935 ἵ
77 863 92 909 s
132 845 276 909 Africam
299 852 395 930 atque
416 847 581 932 Europam
603 847 689 911 omni
710 845 807 911 modo
829 869 881 910 ro-

78 967 93 1012 s
134 947 362 1030 bustissimam
391 958 428 1013 ut
450 948 571 1020 dietum
594 958 654 1031 est,
681 951 803 1034 positas
825 972 881 1035 pa·

1 1055 2 1066 ¹
77 1070 93 1114 a
131 1053 208 1116 trias
238 1052 291 1115 vel
320 1053 466 1118 civitates
489 1062 584 1136 atque
606 1051 738 1116 flumina
758 1053 881 1138 potuis-

78 1171 94 1215 8
131 1177 236 1220 semus
253 1151 384 1220 Christo
399 1155 459 1220 deo
474 1165 584 1222 nostro
599 1154 693 1220 nobis
708 1157 881 1221 auxiliante

78 1274 94 1317 9
132 1282 240 1324 aarum
263 1268 370 1322 eastra
391 1259 442 1323 vel
463 1259 694 1346 promunturia,
716 1261 881 1324 universos

1 1449 2 1454 ἵ
63 1377 95 1420 1⁰
131 1370 308 1443 torrentes,
335 1385 447 1427 verum
478 1364 574 1428 etiam
596 1373 726 1450 petrosa
747 1363 881 1448 refugia,

1 1483 2 1488 ’
64 1481 94 1524 11
133 1465 291 1548 simulque
314 1489 424 1530 earum
449 1467 617 1554 regionum
645 1464 757 1532 stadiis
779 1466 883 1530 minu-

64 1583 96 1626 12
133 1569 195 1634 tius
218 1591 382 1633 enarrare:
406 1569 463 1634 sed
485 1579 608 1634 utnon
623 1571 759 1656 amplius
774 1569 883 1654 legen-

65 1687 96 1732 13
133 1673 219 1738 tibus
248 1671 415 1738 fastidium
446 1673 650 1739 audientibus
677 1673 883 1748 multifariam

65 1791 98 1834 14
134 1778 322 1863 ingererem,
338 1774 411 1841 ideo
427 1799 508 1860 quae
522 1776 743 1842 inenarrabilis
759 1776 884 1861 sapien-

65 1891 97 1937 15
133 1881 179 1944 tia
193 1878 247 1946 dei
263 1879 374 1964 patris,
398 1875 546 1944 Christus
562 1879 641 1946 deus
656 1889 765 1946 nester
780 1889 812 1944 et
827 1879 884 1944 do·

64 1997 98 2042 rs
133 1984 251 2064 minus,
266 1992 299 2046 et
314 1983 595 2048 consubstantialis
612 1985 742 2070 spiritus
753 1992 883 2049 sanetus

66 2100 100 2144 17
134 2087 213 2152 mihi
227 2087 384 2171 inspirare
399 2087 503 2168 iussit,
525 2085 617 2152 vobis
640 2088 732 2172 quasi
745 2087 885 2152 breviter

66 2203 97 2247 18
135 2190 312 2276 designavi.

136 2415 150 2459 3
178 2425 315 2472 supremum
334 2411 398 2458 editi.
456 2413 472 2457 4
499 2425 582 2471 asyam
600 2411 629 2456 B.
675 2412 685 2457 11
729 2413 886 2472 spatiossissi-

134 2497 198 2530 mam
215 2483 246 2528 B.
301 2484 315 2529 5
335 2483 442 2528 affricam
460 2482 490 2527 B.
545 2485 558 2528 9
578 2485 758 2542 promuntuaria
775 2485 804 2541 A,
831 2497 886 2542 pro·

135 2555 255 2600 monteria
272 2553 337 2600 editi.
404 2553 435 2598 10
463 2553 546 2610 etiam]
566 2558 590 2599 et
608 2554 671 2599 editi.
737 2556 766 2600 11
795 2567 886 2599 earum·

135 2638 181 2683 que
200 2625 231 2670 B.
276 2624 286 2669 ΙΙ
329 2623 426 2680 stadiis]
445 2624 570 2670 distantias
589 2639 620 2669 un
642 2625 768 2671 distantias
786 2621 886 2670 stadiis?

136 2693 487 2756 cf.3912,stadisGron.1.
527 2695 557 2739 12
577 2707 701 2741 emanare
714 2696 744 2742 B.
782 2695 813 2742 13
832 2708 887 2739 uum

136 2762 336 2812 audientibusve?
404 2766 436 2810 14
464 2778 524 2824 quae
543 2779 586 2810 om.
605 2765 649 2810 AB
668 2765 731 2811 editi.
759 2765 769 2810 11
794 2765 886 2810 inenar-

136 2836 254 2882 rabilibus
282 2837 310 2881 A.
360 2836 370 2882 ΙΙ
420 2835 534 2894 sapientis
563 2834 636 2881 Groa.
651 2835 680 2892 2,
709 2836 830 2898 sapiencia
855 2835 885 2880 B.

138 2909 169 2953 17
198 2907 272 2953 michi
291 2907 319 2952 A.
356 2907 365 2953 ΙΙ
400 2908 480 2966 quasi]
499 2919 560 2964 quae
582 2906 646 2952 editi.

440 3138 586 3156 ...u-.-
