2198 3840
52 347 131 382 ovino
150 335 179 379 10
815 327 868 379 455

74 505 86 546 1
122 501 220 564 usque
247 477 290 542 ad
313 477 570 542 coniunctionem
596 475 700 539 litoris
722 475 868 560 superius

72 605 87 648 1
122 582 226 647 diotae
247 581 431 666 provinciae
453 579 610 644 Histriae.

72 709 88 751 a
151 684 181 752 9.
228 683 392 752 Scarifum
414 707 490 748 vero
513 681 656 747 eiusdem
671 681 783 747 Italiae
799 684 869 767 qui-

72 814 88 855 4
121 787 193 852 dam
215 787 399 873 philosophi
414 786 564 852 dixerunt
577 787 763 850 inmanitate
778 788 870 874 fungi

73 913 88 958 5
121 891 261 974 modum,
284 892 338 955 alii
353 913 479 974 quoque
494 913 628 976 graecae
642 890 768 953 litterae
783 891 870 954 simi·

73 1020 88 1063 s
121 994 306 1076 litudinam,
335 995 480 1058 nonnulli
506 995 601 1058 etiam
622 1002 775 1076 tanquam
796 1017 871 1078 pro-

74 1123 89 1165 7
122 1099 259 1163 misouos
281 1097 383 1162 flexus
407 1097 571 1162 oonohilae
593 1097 744 1179 marinae,
771 1099 871 1162 eetori

75 1227 89 1272 a
123 1209 228 1265 autern
242 1203 277 1265 in
292 1201 422 1265 modum
443 1201 567 1286 palmae
582 1200 720 1280 hominis
735 1202 787 1266 vel
801 1202 870 1266 folii

74 1331 89 1374 a
122 1305 252 1389 platani.
304 1305 421 1368 dicitur
450 1305 534 1368 enim
562 1303 649 1388 quod
677 1329 696 1368 a
717 1305 870 1389 praefatis

58 1433 89 1477 10
122 1408 260 1493 Alpibus
275 1409 391 1473 scarifo
406 1409 498 1494 fungi
513 1407 681 1488 ambiatur,
704 1431 723 1471 a
737 1407 870 1474 meridie

58 1536 88 1579 11
124 1521 263 1576 otmaro
287 1510 414 1603 Gallico
442 1520 596 1595 tanquam
618 1511 725 1574 littera
746 1534 871 1578 summa

58 1637 88 1681 11
123 1615 320 1696 terminetur,
343 1638 362 1679 a
384 1638 471 1679 mare
486 1614 597 1679 Ionioo
613 1615 871 1701 1101101010-

59 1740 88 1784 ra
123 1727 193 1803 pter
214 1719 362 1783 sinuosos
380 1718 482 1783 flexus
498 1718 594 1782 maris
609 1717 710 1782 veluti
725 1720 872 1785 oonohila

59 1841 89 1886 14
122 1823 287 1909 figuretur,
309 1846 405 1907 porro
428 1845 447 1888 a
469 1821 711 1908 septentrionali
729 1832 820 1908 parte
835 1833 872 1888 ut

58 1946 88 1990 rs
121 1928 227 2011 palma
263 1927 416 2013 hominis¹
444 1925 496 1990 vel
537 1925 651 1990 folium
688 1925 873 2014 depingitur
946 1914 948 1919 ⁵

58 2053 88 2096 re
120 2031 249 2116 platani.

1 2211 2 2225 χ
59 2155 88 2199 11
152 2133 224 2219 (10.
269 2133 392 2198 Verum
406 2133 519 2197 Italiae
533 2131 713 2219 longitudo,
734 2155 815 2216 quae
831 2133 871 2198 ab
926 2123 927 2131 ¹

1 2228 2 2236 ¹
60 2258 89 2302 rs
123 2239 274 2325 Augusta
284 2236 450 2301 Praetoria
460 2259 517 2322 per
529 2235 652 2301 Urbem
664 2233 872 2320 Capuamque

59 2362 89 2406 19
124 2342 298 2426 porrigitur
330 2361 432 2424 usque
466 2339 508 2404 ad
540 2338 694 2424 oppidum
721 2339 873 2426 Regium,

59 2467 90 2512 10
124 2445 229 2510 deeies
246 2452 381 2508 centena
395 2451 428 2508 et
442 2444 557 2530 viginti
570 2462 724 2529 passuum
739 2443 873 2530 colligit,

1 2539 2 2620 i
59 2573 88 2617 11
123 2550 271 2632 latitudo,
293 2547 349 2612 ubi
363 2548 546 2634 plurimum,
569 2545 804 2634 quadringenta
818 2546 873 2610 do-

158 2782 250 2828 oodieea
269 2779 341 2844 dsmr.
400 2778 433 2842 of.
446 2779 506 2826 Rae.
520 2779 570 2826 294
591 2779 667 2840 3⁸44
685 2779 761 2826 Solia.
781 2793 801 2826 0.
813 2779 837 2824 2.

126 2891 138 2934 1
158 2888 248 2934 littoris
274 2902 304 2944 m,
331 2886 423 2934 lictoris
450 2901 481 2932 1.Ι
527 2889 541 2932 3
566 2885 691 2941 scarifum]
709 2886 834 2944 coriphum
850 2883 873 2945 f.

124 2957 305 3018 lphylosophi
328 2972 350 3002 m
374 2957 412 3004 tie
434 2961 458 3003 et
479 2955 555 3016 infra.
581 2956 590 3001 11
616 2955 741 3002 inanitate
762 2971 792 3014 1η,
820 2954 872 3002 scil.

120 3043 167 3088 pro
186 3030 211 3074 in
229 3029 355 3074 amanitae.
422 3030 436 3074 6
462 3028 546 3083 etiam}
566 3031 590 3072 et
607 3041 637 3075 m.
703 3029 717 3072 7
744 3026 824 3072 felxus
842 3041 873 3073 ra.

125 3101 140 3145 9
168 3099 284 3158 predictis
300 3096 326 3158 f.
382 3101 413 3145 10
441 3099 544 3144 scarinfo
557 3096 583 3158 s.
639 3098 670 3142 11
699 3099 798 3154 summa]
817 3099 834 3143 i.
853 3109 872 3142 e.

124 3170 208 3229 sigma.
283 3170 314 3214 17
342 3169 431 3216 Verum
449 3201 483 3210 -
500 3170 551 3214 456
582 3171 596 3214 7
625 3173 726 3214 centena
749 3171 818 3225 sunt]
846 3181 874 3213 ea

125 3239 203 3286 Soliai
221 3253 273 3298 cap.
285 3240 308 3284 2.
382 3241 412 3286 17
442 3244 543 3298 angusta
566 3239 588 3284 b.
664 3241 695 3286 19
724 3240 834 3300 dirigitur
851 3237 873 3285 b.

127 3312 158 3357 20
187 3313 312 3370 passuum]
331 3310 398 3357 milia
414 3323 528 3370 passuum
547 3309 651 3356 Solinus.
