2242 3838
238 290 290 344 256
656 322 661 334 ‹
961 285 1000 334 'lv
1019 289 1044 334 al

149 419 157 428 .
262 462 272 506 1
309 436 508 517 inchoemus,
529 434 563 500 id
586 444 636 502 est
650 459 670 500 a
685 435 814 498 civitate
829 434 956 515 Areiae,
977 456 1047 517 quae

192 527 195 533 ¹
260 565 273 609 n
310 542 422 606 finitur
461 541 545 604 inter
577 538 776 624 provinciam
805 536 992 602 Liburniam
1021 546 1049 600 et

260 667 273 712 a
309 644 447 710 latriam.
505 642 563 707 sed
591 642 666 726 quia
694 641 758 706 iam
786 650 882 705 antea
910 641 985 706 alias
1011 641 1051 704 oi-

259 771 275 816 4
309 749 426 813 vitatos
448 746 693 825 nominarim,
722 753 760 808 ut
781 743 982 810 membratim
1002 766 1049 808 eas

261 874 274 918 o
310 875 368 938 per
390 851 534 938 singulas
549 847 731 934 provincias
750 870 989 932 exponeremus,
1009 857 1052 912 at-

261 980 275 1023 e
311 965 420 1019 tamen
442 963 479 1018 ut
502 951 720 1038 significemus
736 973 817 1034 quae
833 952 900 1016 sint
914 953 1052 1016 civitatee

261 1085 275 1128 7
311 1058 363 1122 vel
386 1058 551 1122 civitatum
573 1054 749 1135 territoria,
778 1053 851 1120 ideo
875 1056 1054 1141 exponimus

261 1187 276 1232 a
311 1160 516 1241 nominande,
542 1158 649 1223 idest

262 1290 275 1334 9
463 1264 560 1326 Arsia

245 1394 276 1438 10
464 1365 617 1431 Nessatio

246 1498 275 1542 11
463 1469 545 1532 Pola

246 1600 276 1644 12
464 1571 607 1658 Ruginio
630 1595 687 1637 seu
709 1570 840 1658 Ruigno

246 1706 276 1749 13
463 1675 648 1739 Parentium

246 1808 278 1852 14
463 1778 618 1864 Neapolis

246 1909 276 1954 15
464 1882 615 1968 Humago

318 2146 329 2190 l
359 2143 428 2190 Arsia
451 2155 511 2202 quae
534 2143 663 2188 confinium
685 2140 815 2187 Liburniae
833 2141 986 2200 Histriaeqne
1008 2155 1060 2201 pro·

315 2215 449 2261 vincianam
464 2219 501 2260 eat
520 2213 602 2269 Guido,
620 2211 691 2258 Arsia
708 2212 733 2258 fl.
750 2213 805 2258 Tar.
822 2211 894 2259 Araia
911 2213 1000 2259 fluvius
1017 2225 1061 2256 me·

315 2292 424 2332 moratae·
444 2290 526 2330 nostro
548 2282 617 2344 infra
633 2283 673 2328 IV
687 2282 729 2340 36,
757 2282 843 2341 Plinio,
868 2282 931 2330 aliia.
959 2282 994 2343 cf.
1011 2281 1060 2328 v.9

316 2362 338 2402 et
355 2357 377 2402 V
391 2356 433 2400 14.
488 2357 503 2402 2
531 2354 656 2414 provincia
674 2354 703 2411 A,
730 2355 852 2412 provintia
870 2355 901 2410 B,
928 2355 1061 2413 provincias

316 2427 380 2472 aditi.
407 2426 417 2471 ΙΙ
442 2425 547 2471 liburnia
565 2425 617 2470 AB.
644 2425 654 2470 ΙΙ
680 2428 716 2482 etl
735 2424 775 2470 vel
792 2425 835 2471 AB
854 2425 918 2470 editi.
985 2426 999 2470 3
1027 2425 1062 2469 hi-

314 2498 374 2544 stria
391 2497 421 2554 Β,
448 2498 524 2556 ystria
541 2496 569 2552 A,
597 2495 698 2554 patriam
718 2494 741 2542 0.
811 2496 861 2541 34
889 2496 938 2541 iam
955 2496 1061 2541 nomina·

314 2568 393 2614 vimus
416 2572 486 2613 antea
512 2565 572 2612 alias
600 2565 711 2612 civitates
744 2565 767 2612 C.
862 2568 878 2614 4
905 2567 1009 2612 mebrati
1033 2565 1060 2611 B.

316 2641 331 2685 6
359 2639 407 2684 sint
430 2637 530 2683 onuAB
548 2636 612 2681 editi.
639 2635 649 2682 ii
674 2636 726 2694 vel}
748 2642 773 2682 et
792 2635 816 2683 0.
890 2639 904 2683 7
932 2637 1060 2689 territoria]

314 2716 430 2756 terrarum
447 2709 498 2765 AB,
527 2707 672 2753 territorium
690 2708 758 2766 editi,
782 2706 814 2768 cs.
826 2707 878 2753 252
898 2709 921 2766 1,
951 2707 1060 2754 25912.

315 2781 325 2826 ΙΙ
339 2780 393 2826 ideo
412 2779 555 2838 exponimus
572 2777 719 2824 nominando
738 2793 782 2823 om.
802 2779 846 2824 AB
864 2779 928 2824 editi.
978 2781 993 2824 9
1021 2778 1062 2824 Ar·

315 2851 363 2905 aial
383 2848 416 2910 os.
434 2865 455 2896 v.
467 2850 491 2894 1.
554 2849 584 2893 10
611 2850 720 2894 nessaeio
740 2849 763 2906 0,
782 2849 882 2896 Nesatio
901 2850 969 2907 editi,
989 2850 1061 2895 niaaa-
1117 2855 1118 2880 ³

319 2922 382 2967 oium
396 2920 423 2978 G,
446 2919 571 2966 Nesatium
585 2919 605 2964 V
621 2918 663 2975 14,
682 2921 823 2970 Νέσακτον
834 2919 907 2977 Prot,
925 2920 1062 2968 Nesactium
1117 2929 1118 2932 ’

316 2990 380 3038 Pla.
436 2991 467 3037 11
496 2989 568 3045 Pola]
588 2987 621 3048 cf.
636 2989 686 3037 255
706 2991 748 3037 15.
805 2991 836 3037 12
860 2991 981 3051 Ruvignio
1001 2991 1061 3044 editi,

316 3061 447 3121 ribingium
461 3061 488 3118 G,
506 3058 540 3121 ef.
551 3059 602 3106 255
621 3060 663 3106 14.
690 3061 701 3108 ΙΙ
726 3077 768 3109 seu
780 3062 876 3122 anigno
889 3062 989 3109 onaAB
1002 3061 1061 3108 editi.
1116 3119 1117 3126 ἵ

319 3134 350 3178 13
378 3132 607 3181 Parentiumetiam
629 3132 651 3177 V
670 3132 716 3191 11,
744 3131 875 3190 om.ACG‚
904 3131 1005 3194 51255
1024 3129 1060 3176 13.

318 3205 352 3249 14
373 3201 501 3262 Neapolis}
520 3199 554 3262 cf.
568 3202 619 3248 255
639 3202 681 3248 12.
737 3205 767 3251 15
791 3217 905 3264 umagum
924 3201 970 3261 Gir,
999 3204 1061 3250 vina·

317 3287 373 3333 gum
393 3273 446 3330 G·'‚
465 3271 498 3332 ef.
512 3273 563 3320 255
582 3273 624 3319 11.
1116 3265 1117 3270 ’
