2256 3836
239 277 293 330 146

260 449 272 492 1

259 551 274 596 2

259 655 273 700 6

258 757 274 801 4

259 860 273 906 b

260 966 274 1010 6

458 423 577 489 Unuca

460 525 624 596 Sioiliba.

384 679 391 701 .
460 631 557 716 Tyris

460 731 616 800 Chisiduo
698 753 701 758 ·

460 837 668 902 Membrisoa.

354 941 536 1006 Transeunt
558 951 665 1006 autem
680 941 855 1026 peripsam
870 939 1064 1004 Africanam

260 1068 274 1112 7
309 1045 507 1130 provinciam
528 1046 611 1109 inter
634 1053 741 1109 cetera
761 1042 893 1108 flumina
914 1066 997 1126 quae
1014 1043 1064 1108 di-

260 1170 274 1214 8

259 1274 274 1317 9

243 1377 274 1421 10

244 1481 274 1526 11

245 1585 275 1628 12

244 1689 275 1733 16

245 1793 304 1859 14⁸

312 1157 438 1230 cuntur,
460 1148 495 1212 id
518 1158 567 1213 est

462 1249 560 1337 Cepsi

461 1355 509 1419 Te

461 1458 602 1522 Torrens
624 1468 656 1522 et

461 1562 658 1626 Panarezon.

345 1657 376 1730 6.
420 1663 504 1730 Item
526 1667 616 1730 iuxta
636 1689 724 1730 mare
746 1679 899 1752 magnum
913 1667 1063 1750 proxima

313 1766 455 1832 eiusdem
483 1769 657 1848 Africanae
686 1771 827 1856 regionis
854 1769 975 1833 reiacet
1003 1793 1063 1854 pa-

245 1893 274 1938 15
311 1871 940 1955 triaquaediciturNumidiaBizacium.
963 1894 1063 1956 quam

244 2000 275 2044 16

244 2103 275 2147 17

245 2207 275 2252 18

245 2311 275 2356 19

312 1973 501 2040 Numidiam
515 1977 612 2042 iidem
626 1977 808 2062 philosophi
822 1977 877 2060 qui
892 1999 990 2061 supra
1003 2000 1063 2041 no·

312 2080 425 2144 minati
451 2089 527 2144 sunt
556 2078 685 2164 quidem
712 2079 910 2165 praedictam
931 2081 1063 2146 Africa·

313 2205 386 2246 nam
400 2184 564 2269 regionem
578 2182 774 2269 designasse,
795 2184 858 2269 ipsi
880 2192 912 2248 et
926 2182 1063 2248 eandem

313 2285 500 2350 Numidiam
523 2286 770 2371 descripserunt.
815 2286 874 2352 sed
896 2286 972 2351 dum
995 2311 1062 2352 non

317 2476 328 2518 1
351 2473 436 2519 Unuca
449 2478 518 2522 etiam
527 2477 591 2534 Aac,
610 2476 686 2523 Inuca
700 2477 755 2522 Tob.
805 2479 819 2523 2
838 2477 982 2524 soieilibaB
995 2479 1060 2536 editi,

314 2543 431 2590 Sicilibba
461 2547 524 2603 Tau,
556 2545 668 2594 Sicilibra
690 2549 745 2593 Ant.
826 2550 840 2594 3
871 2548 970 2594 Thur-ris
1004 2549 1061 2595 Tae.

314 2615 330 2660 4
354 2615 470 2662 Chisiduo
489 2620 558 2662 etiam
571 2618 626 2663 Tob.
693 2619 706 2664 5
731 2619 873 2664 Membrissa
894 2618 958 2676 Tac,
986 2621 1062 2684 Μέμ-

313 2691 402 2756 βρησα
428 2688 529 2746 Proeop.
627 2690 640 2733 6
668 2690 766 2735 africam
792 2690 825 2747 A,
862 2690 1003 2735 affricanum
1030 2691 1061 2736 B.

316 2761 329 2802 7
350 2759 364 2803 8
393 2763 534 2818 ceteraque
553 2761 665 2806 dicuntur
683 2760 781 2806 flumina
801 2759 824 2806 C.
889 2761 962 2806 9-11
988 2760 1061 2820 Cepsi

314 2828 347 2873 Ta
360 2828 474 2886 Torrens]
499 2832 575 2888 cepsit
598 2835 622 2876 et
641 2844 722 2876 orrens
739 2829 814 2888 ABG,
843 2829 939 2889 Cepsite
958 2831 1061 2878 Torrens

315 2899 378 2956 editi,
407 2898 497 2959 Cynips
518 2901 552 2946 Be
571 2901 672 2947 Tumens
697 2904 746 2947 tria
761 2900 864 2961 flumina
884 2902 929 2948 eibi
947 2905 1062 2960 prosimu

318 2969 373 3014 Tab.
420 2973 451 3016 12
471 2971 683 3017 Panazeronediti.
730 2974 761 3018 14
774 2973 886 3018 affricane
895 2973 927 3017 Β.
974 2975 1005 3018 15
1024 2975 1061 3019 bi-

315 3042 400 3087 zanoiu
416 3042 450 3098 B,
476 3042 597 3102 higecium
616 3043 691 3103 (corr.
710 3043 840 3102 bizacium)
860 3041 884 3100 C,
912 3044 1061 3102 Byzaneium

315 3111 378 3156 aditi.
429 3114 459 3158 16
478 3113 508 3158 17
527 3115 659 3160 numidiam
671 3115 780 3172 quamvis
792 3115 995 3173 supranominati
1007 3116 1061 3174 phi·

314 3181 409 3242 losophi
426 3184 558 3242 predictam
577 3183 601 3230 O.
669 3187 699 3231 16
727 3187 803 3230 isdem
820 3185 872 3230 AB.
937 3187 968 3232 17
997 3187 1061 3232 affri-

315 3258 374 3299 cani
390 3255 419 3310 Β,
439 3256 478 3312 qai
496 3257 529 3300 sie
546 3258 646 3314 saepius.
703 3257 734 3302 18
755 3257 902 3315 designasset
922 3254 945 3302 6.
