2198 3840
74 365 95 413 v
114 367 144 412 ιι
839 365 891 422 389

91 531 103 579 1
140 521 301 578 aeternam
312 511 448 598 gloriam
459 511 635 598 possidere.
668 513 818 578 nimirum
828 513 889 580 deo

89 637 103 682 a
140 639 203 680 non
234 615 395 680 contraria
421 617 628 701 proponimus
659 625 691 681 et
718 615 778 682 deo
799 618 889 684 auxi-

88 739 103 789 t
138 719 236 784 liante
249 719 279 783 ei
288 718 451 804 placentia
462 717 785 785 subministrabimus.
802 741 890 785 nuno

87 845 103 890 4
139 822 260 888 insulas
271 845 329 909 per
339 821 481 889 diversus
493 823 641 905 colimus,
655 823 718 889 hoo
729 831 778 888 est
786 822 889 890 flexus

88 948 102 994 o
140 923 284 992 Orientis
315 949 355 991 ex
377 923 512 992 Ooeano
539 927 754 1012 pertinentes,
783 925 890 994 idest

88 1050 102 1096 a
140 1051 222 1113 quae
235 1051 295 1114 per
309 1029 429 1107 solium
443 1029 611 1096 Persicum
627 1039 659 1094 et
674 1030 793 1096 oolfum
806 1029 891 1096 Ara·

89 1153 103 1198 ι
138 1131 249 1198 bioum
270 1141 367 1216 atque
390 1132 509 1197 oolfum
523 1131 745 1218 Hyreanioum
765 1156 890 1219 ponun-

88 1256 103 1302 ιι
138 1247 202 1320 tur,
217 1259 276 1302 seu
290 1236 324 1300 in
338 1244 407 1300 toto
418 1236 499 1301 mari
509 1258 637 1323 magno,
653 1233 783 1302 Christo
794 1236 888 1304 nobis

88 1362 103 1408 s
138 1341 271 1407 iuvante
295 1337 445 1404 subtilius
468 1362 651 1405 enarremus
666 1349 699 1404 et
714 1338 891 1406 enarrando

71 1467 102 1513 ro
139 1444 360 1531 supponimus.

71 1572 101 1616 ιι
172 1545 224 1615 17.
270 1545 311 1610 In
335 1545 418 1609 oolfo
439 1568 516 1610 vero
538 1545 671 1612 Persioo
694 1569 734 1612 ex
757 1543 890 1612 Oceano

71 1673 103 1719 ιι
140 1673 283 1717 summae
297 1649 398 1736 partis
413 1647 606 1714 meridianae
621 1649 801 1735 pertinente
816 1658 892 1714 sunt

72 1779 102 1824 la
141 1754 287 1820 diversae
308 1752 444 1834 insulae,
471 1751 649 1836 exquibus
673 1761 706 1818 et
726 1753 891 1820 nominare

72 1881 103 1926 14
139 1858 307 1939 volumus,
329 1854 363 1920 id
386 1865 435 1920 est

71 1983 102 2029 15
292 1957 402 2046 Ogiris

9 2083 10 2088 ’
71 2086 105 2132 ss
292 2060 419 2128 Oraoea

70 2191 101 2238 ιι
229 2226 232 2230 .
291 2165 486 2232 Duroadena

290 2269 455 2335 Raoheros

292 2370 417 2460 Orgina

141 2635 156 2679 3
175 2632 392 2680 demonstrabimus
404 2633 481 2693 (corr.
494 2632 740 2692 subministrabimus)
755 2630 779 2678 0.
820 2633 836 2677 4
855 2632 891 2676 in·

139 2703 218 2760 sulas]
241 2703 378 2762 insulasque
401 2703 444 2748 AB
467 2702 531 2750 editi.
563 2702 574 2749 ΙΙ
604 2702 730 2762 oolphorss
750 2701 774 2749 0.
805 2702 814 2748 ΙΙ
844 2701 891 2748 hoo

139 2777 188 2830 est}
214 2775 241 2819 hi
263 2773 328 2820 editi.
402 2775 415 2820 t
445 2787 505 2831 quaa
524 2785 567 2832 per
588 2787 633 2819 om.
652 2773 696 2818 AB
714 2773 779 2818 editi.
806 2772 816 2818 ii
841 2771 891 2818 ool·

138 2846 191 2891 ium
204 2845 312 2904 (priam
331 2842 460 2903 obolphum
480 2843 505 2890 θ.
534 2844 543 2890 ΙΙ
569 2841 659 2890 eoltbm
678 2842 821 2901 (alimonil
841 2841 891 2889 eol-

138 2916 215 2975 pbnm
236 2913 260 2960 0.
334 2917 347 2960 7
376 2913 489 2974 oolphum
509 2913 533 2961 0.
561 2914 572 2960 ΙΙ
595 2915 731 2960 hicanioum
749 2915 777 2970 Δ,
804 2913 891 2960 iroani-
943 2917 946 2925 ‘

139 3000 194 3032 cam
220 2985 251 3030 Β.
324 2987 338 3032 8
366 2997 431 3032 mare
454 2985 497 3030 AB
524 2985 589 3031 editt.
662 2987 676 3030 9
704 2984 837 3032 auxiliante
866 2983 890 3030 0.

140 3057 155 3102 9
177 3057 209 3102 10
228 3061 253 3102 et
261 3056 393 3102 enarrando
403 3056 560 3114 supponimn
578 3069 624 3101 om.
633 3056 677 3100 AB
685 3053 750 3102 editi.
789 3055 819 3101 1⁰
837 3059 892 3114 post

139 3127 298 3186 supponimus
323 3125 342 3172 C
362 3125 417 3172 add.
445 3127 474 3172 de
503 3125 591 3185 colpho
618 3125 711 3186 persico
733 3116 765 3172 eir
787 3139 892 3172 oeoeano

141 3211 232 3244 summa
250 3198 326 3256 partis
344 3196 475 3243 meridiane
493 3197 634 3256 pertinente.
700 3198 730 3242 11
759 3195 846 3255 colpho
866 3194 891 3242 0.

143 3269 173 3315 lb
194 3267 283 3327 Ogyris
300 3265 364 3313 Pls's.
381 3265 449 3314 Mela
466 3264 517 3313 aiii.
565 3267 596 3312 le
616 3279 700 3314 osseca
720 3266 744 3314 G.
795 3267 826 3314 18
845 3267 892 3314 aa·

139 3339 199 3385 ahos
218 3337 282 3384 edis.
339 3339 369 3384 19
391 3330 509 3408 Ὄργανα
526 3338 625 3384 Arrius.
