2210 3834
418 483 653 549 Interbromum

420 585 597 652 Corfinium

420 691 608 756 Musumeos

423 791 583 858 Cerfenna

421 895 583 963 Sulmone.

316 1000 398 1065 Item
421 1001 534 1065 civitas
557 1001 665 1085 Arpos

421 1104 560 1170 Luceria
581 1101 719 1189 Apuliae

425 1207 520 1274 ans.

316 1309 399 1376 Item
423 1320 472 1377 est
494 1311 608 1376 civitas
631 1333 713 1394 quae
736 1308 855 1374 dieitur

423 1415 585 1480 Butuntos

424 1518 537 1584 Rubos

425 1621 536 1687 Budas

427 1724 577 1792 Canusio.

209 1857 240 1902 14
319 1830 402 1896 Item
430 1831 521 1895 iuxta
549 1831 713 1894 civitatem
741 1850 836 1911 quam
865 1828 1033 1914 praedixi-

209 1961 239 2007 to
275 1956 346 1999 mus
368 1933 530 1999 Butuntos
554 1942 603 1998 est
626 1933 739 1997 civitas
762 1955 843 2017 quae
866 1931 990 1998 dieitur

279 2126 292 2170 1
320 2123 498 2170 Interbronium
516 2123 584 2181 editi,
612 2122 774 2169 interbonium
794 2123 825 2179 G,
851 2122 1035 2182 Interpromnm

280 2194 344 2252 Tau,
372 2194 531 2240 Intsrbromio
550 2201 572 2240 et
589 2193 773 2252 Interpromium
789 2194 845 2239 Ant.
888 2231 891 2236 .
913 2195 928 2239 2
956 2195 1035 2242 corsi-

277 2267 345 2312 uium
357 2266 386 2322 B,
406 2264 511 2312 Corfinio
529 2265 585 2310 Ant.
599 2270 621 2310 et
633 2264 688 2309 Tau.
743 2265 758 2310 3
776 2277 909 2311 musemeos
922 2265 946 2310 B
965 2265 1035 2323 editi,

278 2349 431 2395 mopsumsos
451 2335 478 2393 G,
501 2335 571 2382 Mons
590 2336 665 2381 imeus
687 2334 743 2380 Tot·
798 2335 813 2380 4
832 2348 947 2381 cersenna
965 2336 1035 2394 editi,

279 2407 385 2452 oerienas
404 2403 442 2464 Gi,
470 2407 577 2452 cersenos
603 2402 639 2463 (if,
666 2407 796 2464 oerphenas
820 2405 877 2462 θη·
900 2404 1037 2454 Cerfennia

279 2479 342 2534 Ant,
370 2475 484 2524 Cirfenna
505 2477 561 2523 Tae.
624 2476 638 2522 t
667 2474 782 2523 Sulmone
800 2478 870 2522 etiam
882 2475 948 2534 Ant,
979 2476 1036 2524 Sul·

279 2561 364 2594 monae
385 2547 449 2605 Tau,
469 2546 585 2594 Sulmone
604 2547 631 2604 G,
655 2544 770 2593 Selmena
789 2546 894 2592 Gromat.
913 2547 929 2592 1
940 2561 971 2606 p.
984 2549 1036 2595 260

279 2617 376 2665 Lochm.
431 2619 488 2664 6-8
516 2617 684 2664 Item-ans
707 2632 752 2663 om.
764 2615 807 2664 AG
821 2623 844 2663 et
851 2623 946 2676 ponant
964 2618 1038 2680 infra

276 2695 334 2748 poet
352 2687 464 2736 Canusio.
526 2691 540 2735 6
567 2687 646 2747 Arpos
664 2690 735 2734 etiam
751 2687 815 2745 Tub„
834 2687 902 2748 alpos
920 2689 945 2734 B
963 2690 1037 2746 editi,-

279 2757 397 2806 oovmulla
421 2759 489 2805 addit
508 2759 591 2806 Cnido.
656 2761 669 2804 7
697 2759 798 2805 Luceria
815 2757 930 2818 Apuliae]
953 2759 1038 2807 Nuce-
1082 2759 1083 2762 ’

280 2831 329 2876 riae
338 2828 433 2888 Apulae
445 2829 510 2887 Tab„
522 2831 660 2899 onuaplu
671 2829 753 2888 Steph.
801 2830 816 2875 8
836 2843 890 2876 eeas
901 2830 924 2874 B
935 2831 1036 2889 Porta,

281 2900 359 2947 Aecus
371 2901 427 2946 Ant.
440 2900 543 2958 Hieron,
555 2900 632 2946 Aecae
644 2899 741 2947 Heroul'
750 2900 813 2946 Rani
825 2900 890 2958 Tab„
902 2898 996 2960 ef.281
1012 2902 1036 2960 7,

281 2971 365 3018 anna
376 2983 437 3029 quae
448 2985 512 3016 nuno
523 2971 596 3017 Troia
606 2977 707 3017 vocatur
720 2971 803 3028 Cnido,
820 2973 860 3030 qui
867 2971 945 3030 plura
956 2973 1036 3020 addit.

283 3043 297 3087 9
326 3046 362 3088 est
380 3056 424 3088 om.
445 3039 469 3088 0.
532 3043 562 3087 10
590 3041 710 3088 Butuntos
728 3044 798 3087 etiam
813 3041 877 3098 Tau,
900 3043 1038 3091 Butruntus
1094 3049 1097 3056 '

281 3113 345 3170 Aut,
368 3112 519 3158 Butontones
536 3113 640 3168 Hieros„
663 3113 797 3159 Butuntum
816 3112 844 3158 G.
900 3115 930 3159 11
950 3114 1038 3161 Rubos

282 3185 353 3228 etium
370 3184 424 3228 Ant.
444 3183 538 3229 Hieros.
555 3183 619 3240 Tou,
646 3183 730 3230 Bubus
749 3182 833 3229 tivido.
889 3184 920 3230 12
943 3185 1036 3241 Budas]

282 3255 354 3300 sudas
374 3253 402 3310 G,
429 3253 511 3299 Rudas
533 3253 588 3299 Ταό.
656 3255 687 3300 lu
716 3253 822 3302 Canusio
845 3256 916 3300 etiam
932 3255 989 3301 Aut.
1013 3261 1036 3301 et

282 3324 385 3380 Hieros„
415 3325 525 3370 canusius
546 3322 570 3370 0.
