2198 3840
275 469 475 536 Politrasolis

277 570 443 659 Capriaria

277 678 389 742 Axera

275 779 383 866 Spilas

274 883 471 968 Prophelum

278 983 415 1052 Galliac.

79 1118 92 1160 1
168 1089 208 1156 In
235 1087 368 1156 Oceano
397 1100 504 1156 autem
532 1089 644 1158 Serico
671 1091 785 1158 Indiae
814 1093 878 1158 Ba·

79 1221 92 1264 s
128 1193 268 1259 ctrianae
298 1202 331 1258 et
354 1191 488 1280 Caspio,
517 1193 552 1258 id
580 1204 630 1259 est
651 1217 671 1258 a
693 1218 818 1261 summa
840 1219 879 1262 ac

79 1323 92 1368 1
126 1305 270 1386 extrema
290 1307 382 1384 parte
405 1297 665 1384 septentrionali,
694 1309 770 1364 sunt
790 1301 879 1366 insu-

64 1427 91 1472 11
125 1401 175 1466 lae
209 1399 362 1488 Scythiae
396 1402 532 1466 maiores
572 1403 711 1468 minores
745 1427 878 1470 numero

64 1531 90 1575 11
127 1505 321 1590 quindecim,
344 1529 479 1589 quarum
500 1507 631 1570 nomina
649 1507 759 1572 multis
774 1507 878 1574 modis

65 1633 91 1678 12
125 1610 279 1696 legimus,
313 1608 390 1673 dnm
422 1609 564 1694 peccatis
593 1609 830 1696 emergentibus
859 1635 879 1676 a

65 1737 92 1782 rs
126 1712 273 1778 barbaris
297 1722 329 1776 et
351 1712 421 1776 aine
442 1712 515 1798 lege
537 1712 721 1779 nationibus
736 1715 807 1800 ipsa
822 1714 879 1781 do·

64 1839 93 1884 11
126 1817 266 1882 minatur
287 1817 391 1900 patria
406 1825 438 1880 et
452 1816 549 1880 variis
568 1817 734 1883 vocabulis
750 1818 879 1885 easdem

66 1941 92 1986 11
126 1920 248 1986 insulas
272 1920 446 2004 appellant,
469 1928 501 1984 et
523 1919 596 1984 ideo
619 1944 727 1986 earum
749 1923 879 1988 nomina

66 2045 93 2089 11
127 2025 313 2109 reliquimus
337 2021 515 2110 designare.

66 2148 92 2194 11
159 2127 214 2196 30.
259 2127 299 2192 In
321 2129 391 2215 ipso
415 2136 521 2192 autern
537 2125 669 2192 Oceano
690 2132 880 2216 septentrio·

66 2251 94 2296 ra
127 2233 192 2298 nali
212 2240 288 2318 post
302 2231 543 2298 Roxolanorum
558 2233 695 2317 patriam
711 2241 760 2298 est
774 2235 880 2299 insula

129 2468 142 2512 1
161 2463 327 2524 politti-asciis
339 2465 369 2510 B.
424 2467 439 2511 1
459 2463 572 2524 Oapiaria
583 2465 647 2524 editi,
666 2461 802 2534 At'yullom
813 2465 877 2512 Ptol.

129 2536 143 2582 b
162 2535 306 2596 Perphelum
324 2535 388 2580 editi.
455 2537 469 2581 6
496 2542 551 2594 post
569 2535 662 2582 Galliac
682 2535 772 2583 011111.
795 2537 824 2582 de
842 2537 879 2582 di·

128 2607 202 2654 versis
226 2605 310 2652 insulis
332 2607 418 2666 sythye
441 2607 540 2652 minoris
562 2613 586 2653 et
608 2608 705 2654 maioris
727 2609 753 2654 in
775 2621 877 2654 occeano

129 2678 203 2724 serico
227 2677 292 2722 indie
314 2677 437 2722 bactriana
460 2681 484 2722 et
507 2678 589 2736 caspio
611 2678 637 2724 id
655 2683 691 2724 est
709 2693 724 2724 1
741 2685 834 2724 summa
850 2692 878 2723 ac

129 2753 236 2794 extrema
262 2752 330 2806 parte
357 2746 545 2806 septentrionali.
623 2749 637 2794 8
665 2754 690 2794 et
712 2748 813 2807 Caspio}
839 2747 879 2794 vel

129 2819 235 2877 caspium
253 2819 297 2863 AB
315 2818 379 2864 editi.
406 2818 417 2864 ll
443 2831 520 2864 acm.
532 2819 577 2863 AB
595 2819 658 2864 editi.
688 2819 697 2864 ΙΙ
722 2833 813 2865 summe
826 2820 877 2876 AB,

129 2902 233 2935 summae
252 2888 316 2934 editi.
344 2888 354 2934 ΙΙ
379 2893 420 2945 acl
445 2889 490 2934 hac
509 2888 556 2935 AG.
623 2891 636 2934 9
665 2895 785 2936 extremae
803 2891 878 2948 partis

129 2959 232 3005 Boditi.
263 2959 273 3004 ll
304 2959 488 3018 septentrionale
506 2959 535 3017 A,
563 2959 755 3018 septentrionalis
773 2961 795 3005 B
814 2961 877 3006 editi.

133 3032 161 3077 10
190 3031 262 3076 sithie
280 3029 308 3087 A,
336 3031 414 3090 sythie
431 3028 480 3076 Bc.
554 3031 586 3076 14
613 3031 681 3076 varia
698 3031 816 3077 vocabula
834 3031 878 3076 AB

131 3101 192 3146 editi.
261 3101 291 3146 16
316 3106 373 3159 post
395 3101 519 3160 designare
538 3099 557 3147 0
573 3099 629 3146 odd.
649 3101 678 3146 de
696 3101 771 3146 insula
791 3115 879 3147 scanza

131 3173 223 3230 inipso
247 3185 350 3217 occeano
369 3171 549 3230 septentrionali
572 3176 627 3230 post
647 3171 819 3218 roxolanorum
836 3187 879 3231 pa·

131 3243 199 3288 triam
216 3243 308 3300 posita,
335 3255 380 3300 que
404 3248 428 3288 et
451 3244 551 3302 antiqua
569 3241 650 3302 sythia
669 3257 683 3288 1
700 3242 809 3301 plurimis
828 3256 879 3288 cos·

131 3311 266 3372 nographis
284 3312 379 3358 dicitur.
