2242 3838
241 353 294 406 246
978 351 1065 398 mss

264 525 275 568 1
361 499 424 564 Per
440 522 535 584 quam
551 499 746 584 provinciam
761 496 981 592 Septimunam
995 499 1068 583 plu-

262 628 276 671 e
314 606 394 669 rima
416 603 547 668 flumina
562 611 739 684 transeunt,
762 603 846 666 inter
860 611 969 666 cetera
986 623 1067 686 quae

262 729 276 773 a
314 707 466 771 dicuntur

263 831 277 875 4
342 811 343 816 ’
465 807 573 874 Orobs
597 816 629 872 et

263 934 277 980 o
464 911 570 993 Edas,
600 912 656 994 qui
677 909 902 997 ingrediuntur
924 911 959 974 in
981 932 1069 974 more

264 1041 278 1084 o
316 1015 488 1081 Gallicum.
532 1025 621 1079 terus
643 1013 877 1080 Narbonensis.

264 1143 278 1188 7
353 1117 407 1186 29.
452 1117 535 1182 Item
546 1119 623 1182 litus
635 1141 722 1182 mare
734 1117 908 1199 Gallicum,
931 1117 1071 1181 adfron-

264 1247 278 1290 8
315 1232 381 1286 tem
410 1245 507 1307 supra
535 1223 675 1308 scriptae
703 1222 887 1307 provinoiae
909 1219 1071 1306 Septima-

264 1348 278 1392 9
315 1349 386 1408 nae,
415 1324 596 1390 iterumad
620 1326 759 1390 frontem
781 1324 963 1390 antedictae
985 1325 1071 1389 Bur-

248 1451 279 1494 ro
316 1427 455 1516 gundiae
478 1439 528 1494 est
542 1430 647 1515 patris
660 1428 860 1494 nobilissimo
882 1438 914 1493 et
937 1429 1069 1493 omnino

248 1555 277 1600 11
316 1533 430 1598 fertilis
453 1555 535 1616 quae
551 1532 670 1597 dioitur
683 1531 788 1598 Italia.
829 1555 926 1617 quam
939 1532 1071 1596 Italiam

249 1659 279 1704 12
316 1637 446 1722 plurimi
469 1635 709 1722 descripserunt
725 1636 920 1722 philosophi,
943 1659 983 1700 ex
998 1637 1072 1719 qui-

248 1763 279 1808 13
316 1741 378 1806 bus
402 1763 462 1826 ego
484 1741 549 1827 legi
564 1742 748 1805 multotiens
764 1739 869 1804 dictos
886 1737 1072 1805 Castorium

249 1865 280 1910 14
318 1853 350 1908 et
364 1843 548 1907 Lollianum
571 1853 667 1928 atque
687 1843 891 1908 Arbitionem
906 1843 1072 1908 Romano-

249 1972 279 2018 15
316 1971 387 2012 rum
409 1947 616 2032 philosophos
640 1958 672 2012 et
694 1948 963 2034 suprascriptum
979 1947 1072 2012 Ana·

249 2075 279 2120 16
317 2049 423 2115 ridum
444 2061 477 2115 st
491 2050 706 2116 Eldebeldum
726 2061 822 2136 atque
837 2051 1072 2116 Maroomirum

249 2183 279 2226 17
318 2154 500 2222 Gothorum
522 2155 740 2241 philosophos.
786 2154 930 2220 sednon
952 2178 1073 2240 aequa-

320 2283 330 2326 1
362 2279 407 2325 Per
429 2293 501 2336 quam
524 2280 674 2338 provinciam
698 2278 862 2338 Septimsnsm
886 2293 931 2324 om.
948 2280 1006 2336 AB,
1037 2277 1071 2340 cf.

318 2350 369 2396 245
390 2351 405 2395 6
424 2356 504 2395 annot.
559 2351 573 2395 2
601 2355 725 2396 transeunt
744 2363 788 2395 om.
807 2350 843 2406 B,·
866 2348 899 2410 cf.
915 2351 1001 2396 2456
1028 2365 1072 2394 αη-

317 2427 366 2467 not.
420 2423 436 2465 4
464 2422 545 2467 oriobs
560 2420 583 2479 0,
608 2419 680 2467 Orbis
692 2419 766 2477 Mela,
778 2412 869 2488 ’Ὁρβις
880 2421 979 2479 Strato,
999 2413 1072 2490 ’0ρὰ

317 2496 376 2560 flios
402 2492 530 2557 ποταμοῦ
557 2487 670 2558 ἐπιβολαί
697 2491 761 2537 Ptol.
835 2493 848 2537 5
882 2492 957 2546 Edas]
988 2492 1070 2547 Adax,

317 2563 383 2609 Atax
401 2563 464 2610 aliis.
495 2563 504 2608 ΙΙ
530 2563 663 2622 ingreditur
681 2561 722 2608 Bu
739 2563 802 2608 editi.
858 2563 872 2608 6
900 2565 980 2618 torus]
1003 2562 1072 2608 lucus

318 2634 382 2680 editi.
461 2636 474 2678 7
507 2647 571 2680 mare
595 2633 682 2692 gallico
707 2633 763 2691 AB,
791 2632 863 2678 maris
887 2630 976 2678 Gallici
1004 2634 1071 2680 editi.

319 2709 333 2752 8
357 2711 412 2763 post
429 2706 568 2763 provinciae
589 2703 607 2749 0
623 2704 679 2749 add.
699 2705 727 2748 de
745 2702 822 2764 ytalie
838 2702 992 2749 nobilissima
1009 2706 1072 2750 eius·
1116 2755 1117 2760 ,

318 2789 364 2835 que
381 2776 511 2835 provineiJs
529 2788 602 2822 xvu1.
629 2775 639 2820 ΙΙ
665 2773 818 2833 Septimanee
836 2788 881 2819 om.
902 2773 926 2820 0.
984 2777 998 2821 9
1014 2781 1073 2834 post

317 2848 420 2893 frontem
439 2846 495 2892 editi
507 2846 597 2892 addunt
609 2859 681 2904 supra
693 2846 803 2904 scriptae,
823 2844 845 2888 B
857 2844 913 2890 add.
926 2847 1070 2904 supsoripte‚

320 2916 422 2963 Gaddir
439 2919 604 2975 superscripto
615 2917 661 2965 vel.
690 2915 700 2962 ΙΙ
726 2916 859 2976 burgondie
878 2916 907 2961 B.
968 2919 1000 2962 10
1030 2932 1072 2976 pa·
1115 2905 1117 2966 f

318 2989 377 3044 trial
388 2987 426 3033 hio
435 2987 526 3032 accedit
536 2987 619 3033 Gurdo.
639 2987 648 3032 ll
665 2989 776 3043 omnino]
789 2987 869 3033 omino
878 2987 909 3032 B.
949 2989 980 3033 11
995 2988 1072 3047 ytalia
1115 2979 1116 3032 ἶ

318 3058 389 3104 Alio
401 3065 424 3104 et
434 3061 534 3116 saepius.
554 3058 564 3104 ΙΙ
579 3056 710 3117 ytaliemO
718 3059 782 3103 etsie
792 3057 907 3116 deinceps.
959 3060 991 3105 13
1011 3059 1072 3104 mul-
1111 3033 1116 3146 j

318 3130 410 3175 tociens
435 3128 462 3186 0,
493 3129 616 3176 multoties
640 3129 704 3174 editi.
735 3128 745 3174 ll
771 3129 861 3182 dictos]
890 3128 982 3174 dietum
1006 3129 1071 3176 editi.

317 3200 327 3244 ΙΙ
341 3201 472 3246 kustorium
492 3198 516 3245 C.
585 3200 617 3244 14
644 3198 759 3246 lolianum
778 3199 821 3244 AB
840 3198 903 3244 editi.
933 3199 942 3244 ΙΙ
968 3199 1071 3246 urbicio-

318 3284 373 3316 nem
397 3269 420 3316 0.
448 3271 457 3314 ΙΙ
483 3285 527 3330 sup
546 3271 662 3329 scriptum
691 3269 715 3316 0.
790 3271 821 3315 16
849 3270 1020 3317 merofimirum
1048 3269 1070 3316 C.

321 3342 351 3386 17
380 3341 518 3398 gotthorum
538 3340 562 3387 0.
590 3341 600 3387 ΙΙ
624 3355 673 3388 nou
692 3355 736 3387 om.
749 3341 778 3386 Β.
