2256 3836
77 291 150 340 rulo

91 463 101 504 1
253 437 414 512 ,Turbice

89 566 100 610 a
276 539 531 627 Septemvenam.

88 671 100 716 3
171 644 234 710 Per
256 667 352 728 quam
372 645 509 730 patriam
534 647 618 710 inter
641 655 748 712 cetera
768 655 873 713 trans-

86 775 99 818 4
130 758 203 814 eunt
230 748 363 812 flumina
384 771 466 832 quae
489 748 640 814 dicuntur
661 749 872 834 Turbulenta,

85 874 97 919 t
128 876 220 936 quam
244 853 298 918 alii
319 853 481 917 Daumam
503 853 676 937 appellant.

83 980 95 1024 a
157 955 209 1025 10.
254 956 338 1021 Item
359 957 450 1022 iuxta
464 953 632 1022 Oceanum
652 980 752 1042 prope
775 981 872 1044 supra

82 1083 94 1128 t
128 1062 280 1145 scriptam
302 1060 532 1124 Mauritaniam
546 1059 675 1124 Perosis
699 1071 748 1126 est
768 1064 871 1147 patria

82 1187 94 1230 a
127 1187 206 1248 quae
229 1163 348 1228 dicitur
369 1163 463 1251 Egel.
511 1164 545 1228 in
573 1186 637 1247 qua
657 1166 761 1248 patria
781 1167 871 1230 iuxta

82 1263 94 1332 a
126 1265 292 1334 Oceanum
320 1276 395 1332 sunt
422 1277 547 1332 montes
575 1276 612 1334 ut
639 1253 730 1334 mons
751 1268 870 1352 Ethna‚

68 1393 93 1436 10
126 1373 178 1455 qui
211 1371 324 1436 ardere
358 1371 551 1438 scribuntur.
603 1373 638 1438 in
671 1389 735 1455 qua
766 1373 871 1456 patria

68 1495 93 1540 11
124 1476 213 1540 iuxta
235 1473 403 1541 Oceanum
430 1485 505 1541 sunt
527 1485 651 1541 montes
674 1475 793 1540 excelsi
815 1477 870 1560 qui

69 1597 94 1640 12
125 1578 326 1664 appellantur
335 1579 449 1646 Praxe.
484 1581 576 1645 cuius
590 1581 712 1666 patriae
727 1579 770 1644 ad
782 1580 870 1644 fron·

70 1701 93 1746 la
124 1691 198 1764 tem,
220 1683 330 1748 multis
344 1683 520 1769 miliaribus
536 1684 658 1768 spatiis,
679 1682 714 1748 id
730 1692 778 1748 est
792 1668 868 1749 litus

69 1805 94 1849 14
125 1787 219 1850 maris
242 1788 361 1872 magni,
383 1789 513 1872 ponitur
533 1788 637 1872 patria
654 1809 735 1870 quae
752 1786 870 1852 dicitur

68 1911 93 1956 11
124 1889 320 1954 Mauritania
341 1892 524 1977 Tingitana.

68 2015 92 2059 lc
157 1992 205 2062 11.
251 1993 333 2058 Item
349 1995 439 2058 iuxta
453 1995 529 2059 litus
544 1995 640 2060 maris
655 1996 764 2082 magni
778 1997 869 2080 poni-

68 2119 92 2162 17
124 2107 175 2162 tur
196 2097 362 2184 praedicta
378 2099 575 2163 Mauritania
591 2096 764 2180 Gaditana,
787 2122 867 2183 quae

67 2221 91 2266 ra
123 2203 197 2268 litus
220 2203 317 2267 maris
339 2203 447 2288 magni
470 2202 636 2266 confinalis
653 2203 761 2267 existit
777 2226 868 2287 prae-

66 2323 91 2368 19
123 2306 203 2371 latae
226 2305 441 2370 Mauritaniae
456 2306 658 2393 Tingitanae.
705 2329 784 2389 quae
801 2304 868 2390 Ga-

123 2568 137 2612 2
156 2566 347 2626 Septemvenam]
360 2567 399 2612 Ad
409 2565 504 2626 Septem
515 2567 599 2612 fratres
608 2566 677 2612 Ant?
693 2565 734 2611 aad
741 2571 867 2610 recurrant

123 2638 160 2682 111
176 2639 218 2682 11.
261 2638 277 2681 4
296 2641 368 2696 quael
388 2639 429 2694 qni
447 2638 477 2682 B.
497 2638 506 2681 ΙΙ
524 2638 610 2683 dicitur
620 2637 663 2682 AB
676 2637 738 2682 aditi.
758 2636 766 2680 ΙΙ
784 2636 866 2681 turbu-

123 2707 185 2753 lente
195 2708 224 2752 A.
272 2707 285 2751 5
305 2707 424 2754 Darinam
440 2706 532 2754 orditi.
552 2708 561 2752 tt
577 2713 634 2766 post
645 2706 768 2766 appellant
782 2704 865 2752 codd.

124 2779 152 2823 da
167 2778 246 2836 patria
262 2777 331 2836 Egel.
388 2779 401 2822 7
421 2777 527 2834 Perosis]
545 2779 598 2838 psis
616 2779 667 2822 AB.
724 2778 753 2822 12
775 2776 865 2832 Praxel

124 2847 211 2894 Bracae
230 2848 245 2892 8
264 2848 288 2893 5.
345 2849 375 2894 12
395 2849 463 2894 cuius
481 2850 619 2907 patriae-
635 2849 665 2894 15
685 2848 812 2906 Tingitana
829 2846 867 2892 vel

127 2919 155 2964 15
168 2919 297 2978 Tingitana
309 2939 342 2946 -
358 2922 387 2966 17
401 2920 547 2966 Mauritania
558 2919 676 2979 superfluo
687 2924 749 2964 aunt.
770 2916 803 2978 cf.
815 2919 830 2962 8
850 2919 866 2964 6

126 2990 213 3035 ε1158
232 2989 274 3034 19.
335 2992 365 3036 13
393 2991 550 3036 miliariorum
571 2989 594 3036 C.
655 2989 685 3034 15
710 2989 866 3048 postTingi·

125 3065 178 3106 tana
197 3059 215 3106 C
231 3060 300 3108 addit
323 3062 352 3106 da
374 3063 519 3108 mauritania
543 3062 674 3120 ganditana
701 3061 778 3118 (corr.
798 3061 866 3118 gadi-

125 3132 201 3189 tana).
266 3133 297 3178 16
325 3133 395 3178 iuxta
415 3147 459 3178 om.
478 3133 522 3176 AB
541 3131 605 3176 editi.
671 3132 701 3176 17
730 3132 864 3190 praedicta}

124 3203 240 3248 nonani&
261 3204 284 3250 8.
304 3203 313 3248 11
330 3205 459 3262 ganditaua
469 3205 542 3263 (corr.
554 3202 678 3262 gaditana)
692 3201 714 3248 C.
757 3204 787 3248 19
808 3217 866 3262 gan·

124 3271 201 3319 ditana
220 3275 249 3320 Β.

670 3359 696 3396 11
