2234 3842
76 309 153 346 ormo
172 299 204 346 68
842 295 897 350 5⁰3

5 433 8 444 ’
96 467 106 509 1
143 443 268 527 piarum
284 443 404 529 Epulia
418 445 636 530 pronuntiant,
660 445 751 532 quasi
766 445 895 530 epulum

96 568 108 612 a
143 545 177 609 id
193 555 243 611 est
257 547 429 636 prandium
450 557 598 634 paratum
620 549 874 633 omnitempore.

95 673 108 715 ε
186 649 285 714 Nona
301 647 509 733 Calabria,
525 673 606 735 quae
620 652 768 738 primitus
784 650 824 716 ab
840 673 897 716 an·

95 776 109 819 r
142 753 241 836 tiquis
270 753 417 819 Britania
445 754 532 820 dieta
559 765 610 820 θεῖ
637 755 679 820 ob
709 756 897 820 immensam

95 877 108 923 ε
144 857 343 922 affluentiam
357 859 458 923 totius
474 857 603 924 delitiae
619 868 715 943 atque
729 858 895 924 ubertatis.

95 981 107 1025 ε
143 961 223 1025 haeo
246 985 266 1026 a
288 961 450 1046 superiore
471 971 563 1047 parte
578 964 628 1027 sui
644 985 663 1026 a
677 985 764 1026 mare
778 985 896 1050 magno

94 1087 108 1130 7
144 1062 273 1130 Gallico
297 1087 354 1129 seu
375 1065 511 1130 Tirreno
542 1067 576 1130 in
599 1066 803 1130 Adriaticum
824 1087 898 1152 pro-

93 1194 107 1238 ε
142 1178 283 1233 tractum
294 1169 492 1253 provinciam
503 1168 602 1234 habet
611 1169 801 1252 Lucaniam,
816 1193 897 1254 quae

92 1299 107 1343 9
144 1272 307 1336 autentico
322 1272 460 1353 nomine,
475 1271 510 1336 id
525 1281 574 1337 est
590 1294 718 1358 graeco,
732 1273 899 1339 Laudamia

72 1393 107 1438 10
143 1374 272 1440 dieitur.
762 1365 772 1374 ⁸

73 1500 106 1544 11
188 1480 326 1545 Deoima
348 1481 465 1566 quippe
488 1479 683 1545 describitur
697 1481 731 1546 in
746 1480 834 1544 nullo
849 1481 898 1545 in-

73 1605 107 1649 12
144 1584 241 1648 ferior
269 1583 452 1668 dapsilitate
486 1583 650 1668 copiarum
678 1583 818 1668 Apuliae
846 1584 898 1648 vel

73 1712 108 1756 ra
146 1683 326 1769 Calabriae,
357 1686 414 1752 sed
436 1686 539 1772 magis
563 1685 794 1751 abundantior:-
816 1709 897 1772 quae

72 1814 108 1860 14
145 1789 486 1854 sollicetLeuoania
500 1788 542 1854 ob
557 1789 693 1854 nitorem
707 1799 898 1876 prospectus

73 1917 106 1964 ιε
146 1894 196 1959 eui
218 1893 283 1958 tale
306 1916 422 1958 nomen
445 1881 558 1958 sortita
580 1902 639 1957 θεῖ.
683 1937 689 1944 .

73 2025 107 2070 ιθ
169 1986 223 2064 68.
261 1995 444 2062 Undeoima
458 1996 624 2082 provincia
637 1995 751 2085 Italiae
767 2008 816 2063 est
827 1994 899 2064 Sa·

73 2127 106 2171 1⁷
144 2101 295 2164 mnium
323 2100 539 2182 nobilissima,
572 2109 609 2164 ut
641 2109 727 2164 retro
759 2100 898 2166 redeam.

73 2227 107 2273 ιε
149 2205 184 2268 in
215 2225 280 2286 qua
306 2214 357 2268 θεῖ
377 2202 599 2286 Beneventum
627 2203 750 2269 habens
772 2203 900 2269 sibimet

74 2331 107 2375 19
146 2307 331 2371 Marsorum
359 2307 524 2391 regionem
554 2328 708 2372 conexam
738 2330 757 2372 a
785 2307 898 2373 dextro

5 2445 7 2454 ¹
73 2433 107 2479 20
146 2409 285 2476 Romam
308 2408 457 2474 euntibus
479 2409 589 2474 latere.

73 2535 106 2581 21
190 2512 394 2578 Duodeoima
422 2522 472 2578 θεῖ
495 2511 714 2599 Campania
741 2513 900 2579 venustis·

74 2639 107 2684 aa
145 2619 228 2682 sima
251 2617 393 2682 omnium
414 2615 612 2681 fertilissima
634 2626 730 2702 atque
752 2616 900 2682 famosis·
972 2661 977 2668 -

182 2813 274 2860 codices
293 2812 324 2875 bf
339 2821 361 2860 at
379 2815 443 2860 Mat.
611 2813 645 2876 es.
657 2815 716 2860 Rau.
730 2813 781 2860 248
801 2812 864 2874 7e'q.

149 2922 161 2966 1
191 2919 353 2978 pronunciant
371 2922 434 2966 Mae.
490 2921 504 2965 2
533 2921 661 2966 brandium
678 2920 742 2966 Mae.
802 2919 818 2964 4
846 2918 900 2966 Bri-

98 3013 102 3026 =
146 2989 239 3036 tamnia
256 2991 320 3035 Mna.
347 2991 356 3036 ΙΙ
382 2993 514 3038 inmensam
533 2991 555 3036 b.
593 2993 606 3036 7
626 2991 734 3047 Tirreno]
753 2990 859 3048 tynrenti
877 2989 899 3046 b,

147 3062 261 3120 thyrreno
284 3061 348 3107 Mae.
384 3062 394 3108 ll
428 3062 547 3108 adriatum
570 3061 591 3106 b.
628 3061 638 3107 ll
671 3064 817 3120 pertractum
835 3060 899 3106 Mat.

72 3158 75 3161 -
149 3133 179 3177 11
209 3131 290 3188 nullo]
308 3132 377 3178 nullo
388 3131 413 3193 f.
488 3133 519 3178 13
547 3129 621 3188 eetf.
649 3130 659 3177 ll
684 3131 863 3178 habundantior
881 3128 904 3192 f

146 3203 211 3248 Mat.
295 3204 326 3248 16
355 3207 392 3249 θεῖ
408 3203 483 3263 ytalie
505 3201 531 3263 f.
617 3203 649 3248 19
677 3215 812 3249 connexam
835 3201 899 3248 Mar.

148 3274 181 3319 22
209 3277 293 3332 atque}
313 3279 326 3320 a
345 3279 417 3333 atque
429 3271 456 3334 f:
