2242 3838
33 1330 48 1360 0

242 1319 255 1363 9

225 1422 256 1466 10

225 1526 255 1570 11

226 1629 257 1674 12

226 1731 256 1776 13

226 1835 258 1880 14

227 1939 257 1985 15

227 2043 257 2088 16

226 2147 257 2191 17

439 470 605 538 Scarbone

439 576 578 642 Mecusa

442 677 572 746 Gaunio

441 783 572 848 Treoris

442 885 553 950 Nobia

440 988 687 1054 Princastellum

441 1090 591 1158 Cardena

442 1192 667 1280 Conbulantia.

339 1299 423 1364 Item
439 1308 514 1364 sunt
529 1299 676 1365 civitates
698 1298 732 1362 in
753 1299 824 1384 ipsa
836 1300 942 1384 patria
955 1301 1046 1364 iuxta

292 1403 424 1468 fluvium
447 1425 543 1487 quem
564 1403 698 1467 inferius
718 1403 882 1468 nominare
897 1404 1045 1470 volumus

293 1507 348 1590 qui
372 1505 490 1571 dicitur
510 1506 614 1594 Lege,
636 1504 671 1570 id
692 1515 742 1570 cst

443 1609 575 1676 Belides

444 1713 604 1780 Martialis

445 1817 584 1904 Arigilie

444 1919 597 1986 Dizezeie

445 2023 485 2088 In
506 2024 627 2089 ibernia

443 2127 657 2193 Heliodorum

297 2253 309 2297 1
330 2250 466 2308 Scarbona]
481 2251 622 2311 Scarponna
633 2254 689 2298 Ant.
703 2250 758 2298 Tac.
815 2251 830 2296 2
848 2250 959 2307 Mecusal
978 2249 1048 2298 loce

294 2323 358 2368 Pont
379 2322 528 2370 allousson
549 2323 682 2380 Reicies-d,-
710 2320 817 2382 „forem
839 2320 887 2382 loys*
910 2321 979 2368 debet
995 2323 1047 2368 Me-

295 2399 356 2451 tusa,
379 2393 458 2440 Mets“
486 2392 573 2439 Porcl.
647 2395 661 2440 3
690 2393 787 2452 ganrnia
809 2390 838 2450 0,
868 2391 963 2440 Gannia
980 2393 1045 2439 editi

295 2465 311 2509 4
339 2463 446 2520 'Iieorisl
464 2463 575 2522 Augusta
593 2463 745 2510 Trevirorum
762 2462 850 2509 Porch.
911 2465 925 2509 t
952 2462 1045 2521 Nobis}

295 2534 446 2594 Noviomago
465 2535 555 2594 (prope
572 2534 703 2593 Treveros)
723 2534 780 2582 Aac.
802 2533 857 2582 Tab.
935 2535 950 2579 6
978 2534 1047 2581 Prin·

296 2603 434 2661 castellum]
457 2607 473 2651 i.
492 2619 514 2664 q.
538 2603 671 2652 Castellum
692 2604 859 2662 Mosellnnnm,
887 2619 949 2650 nanc
972 2605 1048 2652 Bern-

296 2675 379 2724 cestel.
435 2678 448 2722 7
478 2676 582 2722 cardena
605 2674 629 2732 0,
655 2690 717 2722 amic
735 2674 844 2723 Caerden
860 2677 933 2734 υἰοιω,
959 2675 1047 2722 Porcl.

297 2749 311 2793 8
340 2746 508 2794 combulancia
535 2745 564 2803 0,
601 2760 632 2791 aa
659 2742 830 2793 Confluentes?
869 2744 904 2806 cs.
928 2746 980 2792 227
1005 2747 1047 2793 10.

299 2819 329 2864 10
357 2817 468 2873 inferius]
493 2817 557 2876 Lege
576 2816 629 2862 236
646 2817 671 2864 5.
729 2818 759 2863 11
789 2815 868 2875 Lege]
892 2823 927 2863 est
944 2817 1046 2877 Ligeris.

298 2889 330 2934 12
354 2888 453 2935 Balidos
470 2888 534 2934 editi.
591 2889 622 2934 13
645 2887 765 2934 marcialis
784 2885 808 2945 0,
829 2888 871 2942 „in
888 2901 952 2947 pago
965 2887 1048 2935 Vialo-

297 2960 369 3016 ccnsi‚
389 2960 430 3018 qui
442 2957 560 3009 Martialis
577 2964 655 3005 aetate
673 2959 782 3004 citeriore
799 2959 920 3005 vocitatus
938 2963 990 3006 eat“
1010 2959 1049 3005 Si·

297 3029 388 3076 maiae.
445 3030 476 3075 14
503 3028 597 3088 Agrilia
619 3029 684 3091 editi.v
740 3028 771 3074 15
799 3028 924 3086 Dizezeial
947 3029 1048 3076 Decetia

297 3101 353 3146 Ant.
427 3101 458 3146 16
481 3101 511 3146 17
537 3099 567 3146 In
588 3099 678 3146 ibernis
700 3106 723 3146 et
739 3098 910 3156 Heliodorum]
934 3100 1047 3147 Nives-nis

297 3168 452 3217 Aeduorum?
469 3170 556 3216 Porcl.
584 3169 594 3216 ΙΙ
619 3169 648 3216 In
666 3171 768 3227 ibernisl
788 3170 844 3229 (le.
861 3171 888 3216 in
904 3167 1047 3229 hibernisl),

298 3242 412 3288 imber-nis
431 3241 453 3286 B
471 3241 539 3297 editt·
556 3240 688 3288 Nevirnum
706 3241 777 3297 Aat.,·
799 3241 908 3288 Hiberna
925 3241 1047 3302 legionum

298 3311 445 3358 Iulianarum
464 3310 572 3358 Sidonii!
