<?xml version="1.0" encoding="UTF-8"?>
<!DOCTYPE html PUBLIC "-//W3C//DTD XHTML 1.0 Transitional//EN"
    "http://www.w3.org/TR/xhtml1/DTD/xhtml1-transitional.dtd">
<html xmlns="http://www.w3.org/1999/xhtml" xml:lang="en" lang="en">
 <head>
  <title>
</title>
<meta http-equiv="Content-Type" content="text/html;charset=utf-8" />
  <meta name='ocr-system' content='tesseract 3.04.00' />
  <meta name='ocr-capabilities' content='ocr_page ocr_carea ocr_par ocr_line ocrx_word'/>
</head>
<body>
  <div class='ocr_page' id='page_1' title='image "./ravennatisanony02ravegoog/ravennatisanony02ravegoog_0051.png"; bbox 0 0 2314 3840; ppageno 0'>
   <div class='ocr_carea' id='block_1_1' title="bbox 236 276 1055 327">
    <p class='ocr_par' dir='ltr' id='par_1_1' title="bbox 236 276 1055 327">
     <span class='ocr_line' id='line_1_1' title="bbox 236 276 1055 327; baseline -0.004 0"><span class='ocrx_word' id='word_1_1' title='bbox 236 276 268 327; x_wconf 80' lang='lat'>18</span> <span class='ocrx_word' id='word_1_2' title='bbox 1009 276 1055 324; x_wconf 80' lang='lat'>17</span> 
     </span>
    </p>
   </div>
   <div class='ocr_carea' id='block_1_2' title="bbox 249 419 1058 814">
    <p class='ocr_par' dir='ltr' id='par_1_2' title="bbox 249 419 1058 814">
     <span class='ocr_line' id='line_1_2' title="bbox 251 419 1056 506; baseline 0 -19"><span class='ocrx_word' id='word_1_3' title='bbox 251 443 263 488; x_wconf 94' lang='lat'>1</span> <span class='ocrx_word' id='word_1_4' title='bbox 301 421 370 486; x_wconf 86' lang='lat' dir='ltr'>eius</span> <span class='ocrx_word' id='word_1_5' title='bbox 405 419 580 486; x_wconf 80' lang='lat' dir='ltr'>adventum</span> <span class='ocrx_word' id='word_1_6' title='bbox 615 419 820 486; x_wconf 77' lang='lat' dir='ltr'>custodiebat</span> <span class='ocrx_word' id='word_1_7' title='bbox 860 419 1056 506; x_wconf 77' lang='lat' dir='ltr'><strong>paradisum,</strong></span> 
     </span>
     <span class='ocr_line' id='line_1_3' title="bbox 250 522 1058 610; baseline -0.001 -19"><span class='ocrx_word' id='word_1_8' title='bbox 250 546 264 592; x_wconf 85' lang='grc'>1</span> <span class='ocrx_word' id='word_1_9' title='bbox 301 523 430 608; x_wconf 87' lang='lat' dir='ltr'>quando</span> <span class='ocrx_word' id='word_1_10' title='bbox 452 523 548 588; x_wconf 92' lang='lat' dir='ltr'>homo</span> <span class='ocrx_word' id='word_1_11' title='bbox 571 522 789 609; x_wconf 86' lang='lat' dir='ltr'>corruptibilis</span> <span class='ocrx_word' id='word_1_12' title='bbox 807 523 979 589; x_wconf 68' lang='lat' dir='ltr'><strong>carnaliter</strong></span> <span class='ocrx_word' id='word_1_13' title='bbox 997 547 1058 610; x_wconf 92' lang='lat' dir='ltr'>po-</span> 
     </span>
     <span class='ocr_line' id='line_1_4' title="bbox 250 625 1057 714; baseline -0.004 -19"><span class='ocrx_word' id='word_1_14' title='bbox 250 651 265 696; x_wconf 85' lang='lat' dir='ltr'>e</span> <span class='ocrx_word' id='word_1_15' title='bbox 300 629 363 693; x_wconf 83' lang='lat' dir='ltr'>tuit</span> <span class='ocrx_word' id='word_1_16' title='bbox 378 629 412 693; x_wconf 92' lang='lat' dir='ltr'>in</span> <span class='ocrx_word' id='word_1_17' title='bbox 426 628 533 714; x_wconf 90' lang='lat' dir='ltr'>ipsum</span> <span class='ocrx_word' id='word_1_18' title='bbox 547 626 674 714; x_wconf 79' lang='lat' dir='ltr'>ingredi</span> <span class='ocrx_word' id='word_1_19' title='bbox 688 625 897 712; x_wconf 79' lang='lat' dir='ltr'>paradisum?</span> <span class='ocrx_word' id='word_1_20' title='bbox 919 647 1057 694; x_wconf 83' lang='lat' dir='ltr'>noanon</span> 
     </span>
     <span class='ocr_line' id='line_1_5' title="bbox 249 729 1058 814; baseline -0.002 -16"><span class='ocrx_word' id='word_1_21' title='bbox 249 753 265 798; x_wconf 83' lang='lat'>4</span> <span class='ocrx_word' id='word_1_22' title='bbox 301 729 437 796; x_wconf 83' lang='lat' dir='ltr'>dicimus</span> <span class='ocrx_word' id='word_1_23' title='bbox 461 729 548 814; x_wconf 92' lang='lat' dir='ltr'>quod</span> <span class='ocrx_word' id='word_1_24' title='bbox 561 731 730 812; x_wconf 91' lang='lat' dir='ltr'>iustorum,</span> <span class='ocrx_word' id='word_1_25' title='bbox 754 752 890 813; x_wconf 88' lang='lat' dir='ltr'>quorum</span> <span class='ocrx_word' id='word_1_26' title='bbox 905 729 985 796; x_wconf 89' lang='lat' dir='ltr'>deus</span> <span class='ocrx_word' id='word_1_27' title='bbox 1007 732 1058 796; x_wconf 89' lang='lat' dir='ltr'>iu-</span> 
     </span>
    </p>
   </div>
   <div class='ocr_carea' id='block_1_3' title="bbox 250 832 1149 920">
    <p class='ocr_par' dir='ltr' id='par_1_3' title="bbox 250 832 1149 920">
     <span class='ocr_line' id='line_1_6' title="bbox 250 832 1149 920; baseline -0.006 -19"><span class='ocrx_word' id='word_1_28' title='bbox 250 856 264 902; x_wconf 81' lang='grc'>1</span> <span class='ocrx_word' id='word_1_29' title='bbox 301 834 370 916; x_wconf 86' lang='lat' dir='ltr'>bet,</span> <span class='ocrx_word' id='word_1_30' title='bbox 396 835 520 898; x_wconf 85' lang='lat' dir='ltr'>animae</span> <span class='ocrx_word' id='word_1_31' title='bbox 542 855 607 897; x_wconf 89' lang='lat' dir='ltr'>non</span> <span class='ocrx_word' id='word_1_32' title='bbox 629 832 853 920; x_wconf 88' lang='lat' dir='ltr'>ingrediantur</span> <span class='ocrx_word' id='word_1_33' title='bbox 872 835 907 898; x_wconf 91' lang='lat' dir='ltr'>iu</span> <span class='ocrx_word' id='word_1_34' title='bbox 928 833 1057 920; x_wconf 89' lang='lat' dir='ltr'>paradi·</span> <span class='ocrx_word' id='word_1_35' title='bbox 1148 877 1149 880; x_wconf 19' lang='grc' dir='ltr'><strong>κ</strong></span> 
     </span>
    </p>
   </div>
   <div class='ocr_carea' id='block_1_4' title="bbox 233 936 1154 1542">
    <p class='ocr_par' dir='ltr' id='par_1_4' title="bbox 233 936 1154 1542">
     <span class='ocr_line' id='line_1_7' title="bbox 251 936 1058 1020; baseline 0 -17"><span class='ocrx_word' id='word_1_36' title='bbox 251 957 264 1003; x_wconf 84' lang='lat' dir='ltr'>e</span> <span class='ocrx_word' id='word_1_37' title='bbox 302 959 390 1020; x_wconf 87' lang='lat' dir='ltr'>sum,</span> <span class='ocrx_word' id='word_1_38' title='bbox 419 939 504 1003; x_wconf 88' lang='lat' dir='ltr'>sicut</span> <span class='ocrx_word' id='word_1_39' title='bbox 528 936 686 1002; x_wconf 87' lang='lat' dir='ltr'>credimus</span> <span class='ocrx_word' id='word_1_40' title='bbox 709 937 795 1002; x_wconf 91' lang='lat' dir='ltr'>illius</span> <span class='ocrx_word' id='word_1_41' title='bbox 821 936 954 1003; x_wconf 83' lang='lat' dir='ltr'>latronis</span> <span class='ocrx_word' id='word_1_42' title='bbox 976 937 1058 1003; x_wconf 88' lang='lat' dir='ltr'>tide-</span> 
     </span>
     <span class='ocr_line' id='line_1_8' title="bbox 250 1038 1058 1125; baseline 0 -18"><span class='ocrx_word' id='word_1_43' title='bbox 250 1062 264 1107; x_wconf 81' lang='grc'>1</span> <span class='ocrx_word' id='word_1_44' title='bbox 299 1041 425 1124; x_wconf 86' lang='lat' dir='ltr'>lissimi,</span> <span class='ocrx_word' id='word_1_45' title='bbox 448 1040 490 1105; x_wconf 90' lang='lat' dir='ltr'>ad</span> <span class='ocrx_word' id='word_1_46' title='bbox 513 1063 607 1125; x_wconf 91' lang='lat' dir='ltr'>quem</span> <span class='ocrx_word' id='word_1_47' title='bbox 623 1039 667 1104; x_wconf 85' lang='lat' dir='ltr'>ait</span> <span class='ocrx_word' id='word_1_48' title='bbox 683 1038 834 1106; x_wconf 86' lang='lat' dir='ltr'>Christus</span> <span class='ocrx_word' id='word_1_49' title='bbox 851 1040 930 1106; x_wconf 89' lang='lat' dir='ltr'>deus</span> <span class='ocrx_word' id='word_1_50' title='bbox 946 1051 1058 1106; x_wconf 86' lang='lat' dir='ltr'>noster</span> 
     </span>
     <span class='ocr_line' id='line_1_9' title="bbox 249 1143 1058 1230; baseline -0.001 -20"><span class='ocrx_word' id='word_1_51' title='bbox 249 1164 264 1210; x_wconf 81' lang='lat'>8</span> <span class='ocrx_word' id='word_1_52' title='bbox 300 1145 514 1230; x_wconf 86' lang='lat' dir='ltr'>omnipotens,</span> <span class='ocrx_word' id='word_1_53' title='bbox 535 1144 591 1228; x_wconf 92' lang='lat' dir='ltr'>qui</span> <span class='ocrx_word' id='word_1_54' title='bbox 618 1143 840 1208; x_wconf 89' lang='lat' dir='ltr'>tantummodo</span> <span class='ocrx_word' id='word_1_55' title='bbox 867 1166 963 1209; x_wconf 88' lang='lat' dir='ltr'>carne</span> <span class='ocrx_word' id='word_1_56' title='bbox 984 1167 1058 1210; x_wconf 90' lang='lat' dir='ltr'>cru-</span> 
     </span>
     <span class='ocr_line' id='line_1_10' title="bbox 250 1247 1058 1335; baseline 0 -21"><span class='ocrx_word' id='word_1_57' title='bbox 250 1269 264 1314; x_wconf 83' lang='lat' dir='ltr'>e</span> <span class='ocrx_word' id='word_1_58' title='bbox 302 1249 415 1313; x_wconf 86' lang='lat' dir='ltr'>cifixus</span> <span class='ocrx_word' id='word_1_59' title='bbox 440 1257 504 1331; x_wconf 88' lang='lat' dir='ltr'>est,</span> <span class='ocrx_word' id='word_1_60' title='bbox 531 1247 626 1312; x_wconf 90' lang='lat' dir='ltr'>hodie</span> <span class='ocrx_word' id='word_1_61' title='bbox 655 1268 782 1312; x_wconf 87' lang='lat' dir='ltr'>mecum</span> <span class='ocrx_word' id='word_1_62' title='bbox 810 1249 872 1313; x_wconf 90' lang='lat' dir='ltr'>eris</span> <span class='ocrx_word' id='word_1_63' title='bbox 899 1249 933 1312; x_wconf 91' lang='lat' dir='ltr'>in</span> <span class='ocrx_word' id='word_1_64' title='bbox 962 1273 1058 1335; x_wconf 91' lang='lat' dir='ltr'>para-</span> 
     </span>
     <span class='ocr_line' id='line_1_11' title="bbox 233 1349 1057 1438; baseline 0 -20"><span class='ocrx_word' id='word_1_65' title='bbox 233 1372 264 1418; x_wconf 89' lang='lat'>10</span> <span class='ocrx_word' id='word_1_66' title='bbox 301 1350 387 1430; x_wconf 88' lang='lat' dir='ltr'>diso;</span> <span class='ocrx_word' id='word_1_67' title='bbox 417 1350 476 1416; x_wconf 88' lang='lat' dir='ltr'>sed</span> <span class='ocrx_word' id='word_1_68' title='bbox 504 1349 641 1416; x_wconf 79' lang='lat' dir='ltr'>dicimus</span> <span class='ocrx_word' id='word_1_69' title='bbox 668 1351 760 1434; x_wconf 90' lang='lat' dir='ltr'>quia,</span> <span class='ocrx_word' id='word_1_70' title='bbox 790 1351 816 1416; x_wconf 91' lang='lat' dir='ltr'>si</span> <span class='ocrx_word' id='word_1_71' title='bbox 845 1375 886 1417; x_wconf 86' lang='lat' dir='ltr'>ex</span> <span class='ocrx_word' id='word_1_72' title='bbox 912 1354 1057 1438; x_wconf 87' lang='lat' dir='ltr'>peccatis</span> 
     </span>
     <span class='ocr_line' id='line_1_12' title="bbox 233 1453 1154 1542; baseline 0.002 -22"><span class='ocrx_word' id='word_1_73' title='bbox 233 1476 263 1520; x_wconf 93' lang='lat'>11</span> <span class='ocrx_word' id='word_1_74' title='bbox 301 1455 408 1520; x_wconf 88' lang='lat' dir='ltr'>anima</span> <span class='ocrx_word' id='word_1_75' title='bbox 429 1456 610 1540; x_wconf 86' lang='lat' dir='ltr'>peccatoris</span> <span class='ocrx_word' id='word_1_76' title='bbox 635 1453 819 1519; x_wconf 90' lang='lat' dir='ltr'>omnimodo</span> <span class='ocrx_word' id='word_1_77' title='bbox 841 1455 968 1542; x_wconf 85' lang='lat' dir='ltr'>ingredi</span> <span class='ocrx_word' id='word_1_78' title='bbox 982 1479 1059 1541; x_wconf 91' lang='lat' dir='ltr'>pro-</span> <span class='ocrx_word' id='word_1_79' title='bbox 1151 1463 1154 1528; x_wconf 58' lang='grc' dir='ltr'>ἶ</span> 
     </span>
    </p>
   </div>
   <div class='ocr_carea' id='block_1_5' title="bbox 233 1556 1154 1647">
    <p class='ocr_par' dir='ltr' id='par_1_5' title="bbox 233 1556 1154 1647">
     <span class='ocr_line' id='line_1_13' title="bbox 233 1556 1154 1647; baseline -0.001 -23"><span class='ocrx_word' id='word_1_80' title='bbox 233 1579 264 1624; x_wconf 81' lang='grc'>11</span> <span class='ocrx_word' id='word_1_81' title='bbox 301 1556 431 1622; x_wconf 90' lang='lat' dir='ltr'>hibetur</span> <span class='ocrx_word' id='word_1_82' title='bbox 452 1558 486 1621; x_wconf 94' lang='lat' dir='ltr'>in</span> <span class='ocrx_word' id='word_1_83' title='bbox 508 1557 705 1643; x_wconf 75' lang='lat' dir='ltr'>paradisum,</span> <span class='ocrx_word' id='word_1_84' title='bbox 729 1565 850 1641; x_wconf 85' lang='lat' dir='ltr'>quanto</span> <span class='ocrx_word' id='word_1_85' title='bbox 872 1561 976 1647; x_wconf 85' lang='lat' dir='ltr'>magis</span> <span class='ocrx_word' id='word_1_86' title='bbox 999 1583 1059 1625; x_wconf 88' lang='lat' dir='ltr'>au·</span> <span class='ocrx_word' id='word_1_87' title='bbox 1152 1563 1154 1604; x_wconf 57' lang='lat'>³</span> 
     </span>
    </p>
   </div>
   <div class='ocr_carea' id='block_1_6' title="bbox 233 1659 1057 1749">
    <p class='ocr_par' dir='ltr' id='par_1_6' title="bbox 233 1659 1057 1749">
     <span class='ocr_line' id='line_1_14' title="bbox 233 1659 1057 1749; baseline 0.005 -25"><span class='ocrx_word' id='word_1_88' title='bbox 233 1683 264 1730; x_wconf 80' lang='lat' dir='ltr'>ra</span> <span class='ocrx_word' id='word_1_89' title='bbox 301 1670 368 1725; x_wconf 88' lang='lat' dir='ltr'>tem</span> <span class='ocrx_word' id='word_1_90' title='bbox 391 1683 410 1724; x_wconf 89' lang='lat' dir='ltr'>a</span> <span class='ocrx_word' id='word_1_91' title='bbox 431 1669 559 1726; x_wconf 88' lang='lat' dir='ltr'>terreno</span> <span class='ocrx_word' id='word_1_92' title='bbox 581 1662 672 1726; x_wconf 87' lang='lat' dir='ltr'>missi</span> <span class='ocrx_word' id='word_1_93' title='bbox 700 1659 829 1725; x_wconf 90' lang='lat' dir='ltr'>dominc</span> <span class='ocrx_word' id='word_1_94' title='bbox 858 1671 915 1727; x_wconf 88' lang='lat' dir='ltr'>aut</span> <span class='ocrx_word' id='word_1_95' title='bbox 940 1673 1057 1749; x_wconf 88' lang='lat' dir='ltr'>sponte</span> 
     </span>
    </p>
   </div>
   <div class='ocr_carea' id='block_1_7' title="bbox 234 1763 1057 1850">
    <p class='ocr_par' dir='ltr' id='par_1_7' title="bbox 234 1757 1154 1850">
     <span class='ocr_line' id='line_1_15' title="bbox 234 1763 1057 1850; baseline -0.007 -14"><span class='ocrx_word' id='word_1_96' title='bbox 234 1791 265 1836; x_wconf 80' lang='grc'>11</span> <span class='ocrx_word' id='word_1_97' title='bbox 300 1763 397 1829; x_wconf 89' lang='lat' dir='ltr'>homo</span> <span class='ocrx_word' id='word_1_98' title='bbox 419 1773 573 1849; x_wconf 88' lang='lat' dir='ltr'>peccator</span> <span class='ocrx_word' id='word_1_99' title='bbox 596 1764 804 1850; x_wconf 79' lang='lat' dir='ltr'>corporaliter</span> <span class='ocrx_word' id='word_1_100' title='bbox 820 1765 987 1832; x_wconf 87' lang='lat' dir='ltr'>ambulans</span> <span class='ocrx_word' id='word_1_101' title='bbox 1003 1766 1057 1832; x_wconf 90' lang='lat' dir='ltr'>dei</span> 
     </span>
    </p>
   </div>
   <div class='ocr_carea' id='block_1_8' title="bbox 234 1866 1154 2044">
    <p class='ocr_par' dir='ltr' id='par_1_8' title="bbox 234 1866 1154 2044">
     <span class='ocr_line' id='line_1_16' title="bbox 234 1866 1154 1956; baseline -0.005 -19"><span class='ocrx_word' id='word_1_102' title='bbox 234 1893 264 1938; x_wconf 82' lang='lat'>15</span> <span class='ocrx_word' id='word_1_103' title='bbox 301 1869 392 1934; x_wconf 88' lang='lat' dir='ltr'>iussu</span> <span class='ocrx_word' id='word_1_104' title='bbox 414 1869 520 1954; x_wconf 89' lang='lat' dir='ltr'>ipsum</span> <span class='ocrx_word' id='word_1_105' title='bbox 546 1867 673 1956; x_wconf 83' lang='lat' dir='ltr'>ingredi</span> <span class='ocrx_word' id='word_1_106' title='bbox 701 1866 910 1953; x_wconf 86' lang='lat' dir='ltr'>prohibeatur</span> <span class='ocrx_word' id='word_1_107' title='bbox 938 1871 972 1934; x_wconf 91' lang='lat' dir='ltr'>in</span> <span class='ocrx_word' id='word_1_108' title='bbox 998 1894 1057 1956; x_wconf 88' lang='lat' dir='ltr'>pa·</span> <span class='ocrx_word' id='word_1_109' title='bbox 1153 1881 1154 1954; x_wconf 54' lang='grc' dir='ltr'><em>ξ</em></span> 
     </span>
     <span class='ocr_line' id='line_1_17' title="bbox 234 1967 1154 2044; baseline -0.027 1"><span class='ocrx_word' id='word_1_110' title='bbox 234 1997 264 2044; x_wconf 78' lang='grc'>16</span> <span class='ocrx_word' id='word_1_111' title='bbox 301 1971 453 2037; x_wconf 87' lang='lat' dir='ltr'>radisum.</span> <span class='ocrx_word' id='word_1_112' title='bbox 1153 1967 1154 1970; x_wconf 76' lang='grc'>’</span> 
     </span>
    </p>
   </div>
   <div class='ocr_carea' id='block_1_9' title="bbox 233 2073 1154 2267">
    <p class='ocr_par' dir='ltr' id='par_1_9' title="bbox 233 2073 1154 2267">
     <span class='ocr_line' id='line_1_18' title="bbox 233 2073 1154 2164; baseline -0.01 -17"><span class='ocrx_word' id='word_1_113' title='bbox 233 2101 264 2147; x_wconf 84' lang='grc'>11</span> <span class='ocrx_word' id='word_1_114' title='bbox 335 2073 368 2143; x_wconf 88' lang='grc'>8.</span> <span class='ocrx_word' id='word_1_115' title='bbox 412 2075 568 2162; x_wconf 84' lang='lat' dir='ltr'>Legimus</span> <span class='ocrx_word' id='word_1_116' title='bbox 593 2077 710 2140; x_wconf 86' lang='lat' dir='ltr'>etenim</span> <span class='ocrx_word' id='word_1_117' title='bbox 731 2076 822 2141; x_wconf 91' lang='lat' dir='ltr'>illurn</span> <span class='ocrx_word' id='word_1_118' title='bbox 837 2098 991 2164; x_wconf 88' lang='lat' dir='ltr'>magnum</span> <span class='ocrx_word' id='word_1_119' title='bbox 1005 2100 1056 2142; x_wconf 90' lang='lat' dir='ltr'>re·</span> <span class='ocrx_word' id='word_1_120' title='bbox 1153 2083 1154 2100; x_wconf 63' lang='lat'><em>*</em></span> 
     </span>
     <span class='ocr_line' id='line_1_19' title="bbox 234 2177 1154 2267; baseline -0.013 -17"><span class='ocrx_word' id='word_1_121' title='bbox 234 2205 265 2251; x_wconf 82' lang='lat' dir='ltr'>rs</span> <span class='ocrx_word' id='word_1_122' title='bbox 302 2203 376 2267; x_wconf 87' lang='lat' dir='ltr'>gem</span> <span class='ocrx_word' id='word_1_123' title='bbox 398 2177 616 2243; x_wconf 88' lang='lat' dir='ltr'>Macedonum</span> <span class='ocrx_word' id='word_1_124' title='bbox 638 2178 871 2262; x_wconf 80' lang='lat' dir='ltr'>Alexandrum,</span> <span class='ocrx_word' id='word_1_125' title='bbox 898 2179 975 2244; x_wconf 91' lang='lat' dir='ltr'>dum</span> <span class='ocrx_word' id='word_1_126' title='bbox 997 2203 1058 2266; x_wconf 86' lang='lat' dir='ltr'>per</span> <span class='ocrx_word' id='word_1_127' title='bbox 1153 2219 1154 2256; x_wconf 48' lang='lat'>3</span> 
     </span>
    </p>
   </div>
   <div class='ocr_carea' id='block_1_10' title="bbox 233 2267 1154 2780">
    <p class='ocr_par' dir='ltr' id='par_1_10' title="bbox 233 2267 1154 2780">
     <span class='ocr_line' id='line_1_20' title="bbox 234 2267 1154 2368; baseline 0.001 -20"><span class='ocrx_word' id='word_1_128' title='bbox 234 2309 265 2354; x_wconf 81' lang='lat'>19</span> <span class='ocrx_word' id='word_1_129' title='bbox 302 2282 557 2348; x_wconf 85' lang='lat' dir='ltr'>Transindorum</span> <span class='ocrx_word' id='word_1_130' title='bbox 595 2281 732 2368; x_wconf 85' lang='lat' dir='ltr'>patriam</span> <span class='ocrx_word' id='word_1_131' title='bbox 766 2305 906 2346; x_wconf 89' lang='lat' dir='ltr'>eremum</span> <span class='ocrx_word' id='word_1_132' title='bbox 940 2283 1056 2350; x_wconf 88' lang='lat' dir='ltr'>diebus</span> <span class='ocrx_word' id='word_1_133' title='bbox 1150 2267 1154 2340; x_wconf 73' lang='lat' dir='ltr'>i</span> 
     </span>
     <span class='ocr_line' id='line_1_21' title="bbox 233 2385 1058 2472; baseline 0.002 -22"><span class='ocrx_word' id='word_1_134' title='bbox 233 2410 265 2456; x_wconf 81' lang='lat'>20</span> <span class='ocrx_word' id='word_1_135' title='bbox 301 2385 556 2471; x_wconf 84' lang='lat' dir='ltr'>perambulasset</span> <span class='ocrx_word' id='word_1_136' title='bbox 570 2385 727 2472; x_wconf 86' lang='lat' dir='ltr'>plurimis,</span> <span class='ocrx_word' id='word_1_137' title='bbox 742 2409 808 2449; x_wconf 90' lang='lat' dir='ltr'>non</span> <span class='ocrx_word' id='word_1_138' title='bbox 824 2386 927 2450; x_wconf 87' lang='lat' dir='ltr'>solum</span> <span class='ocrx_word' id='word_1_139' title='bbox 939 2411 958 2452; x_wconf 86' lang='lat' dir='ltr'>a</span> <span class='ocrx_word' id='word_1_140' title='bbox 969 2386 1058 2454; x_wconf 88' lang='lat' dir='ltr'>Stoi-</span> 
     </span>
     <span class='ocr_line' id='line_1_22' title="bbox 233 2489 1057 2576; baseline 0.001 -22"><span class='ocrx_word' id='word_1_141' title='bbox 233 2516 264 2562; x_wconf 80' lang='lat'>21</span> <span class='ocrx_word' id='word_1_142' title='bbox 303 2491 349 2555; x_wconf 85' lang='lat' dir='ltr'>cis</span> <span class='ocrx_word' id='word_1_143' title='bbox 373 2513 412 2554; x_wconf 86' lang='lat' dir='ltr'>ex</span> <span class='ocrx_word' id='word_1_144' title='bbox 434 2489 589 2554; x_wconf 90' lang='lat' dir='ltr'>Indorum</span> <span class='ocrx_word' id='word_1_145' title='bbox 611 2511 728 2576; x_wconf 89' lang='lat' dir='ltr'>genere</span> <span class='ocrx_word' id='word_1_146' title='bbox 751 2489 933 2554; x_wconf 89' lang='lat' dir='ltr'>hominibus</span> <span class='ocrx_word' id='word_1_147' title='bbox 949 2489 1008 2554; x_wconf 90' lang='lat' dir='ltr'>sed</span> <span class='ocrx_word' id='word_1_148' title='bbox 1024 2501 1057 2555; x_wconf 88' lang='lat' dir='ltr'>et</span> 
     </span>
     <span class='ocr_line' id='line_1_23' title="bbox 233 2591 1058 2679; baseline 0.001 -21"><span class='ocrx_word' id='word_1_149' title='bbox 233 2619 264 2665; x_wconf 78' lang='lat' dir='ltr'>nt</span> <span class='ocrx_word' id='word_1_150' title='bbox 303 2593 571 2675; x_wconf 85' lang='lat' dir='ltr'>adeemonibus,</span> <span class='ocrx_word' id='word_1_151' title='bbox 601 2593 656 2676; x_wconf 94' lang='lat' dir='ltr'>qui</span> <span class='ocrx_word' id='word_1_152' title='bbox 687 2595 784 2658; x_wconf 88' lang='lat' dir='ltr'>etiam</span> <span class='ocrx_word' id='word_1_153' title='bbox 813 2591 959 2658; x_wconf 87' lang='lat' dir='ltr'>nolentes</span> <span class='ocrx_word' id='word_1_154' title='bbox 979 2616 1058 2679; x_wconf 90' lang='lat' dir='ltr'>pro·</span> 
     </span>
     <span class='ocr_line' id='line_1_24' title="bbox 233 2697 1057 2780; baseline 0 -18"><span class='ocrx_word' id='word_1_155' title='bbox 233 2725 264 2771; x_wconf 74' lang='grc'>13</span> <span class='ocrx_word' id='word_1_156' title='bbox 301 2699 384 2762; x_wconf 86' lang='lat' dir='ltr'>ferre</span> <span class='ocrx_word' id='word_1_157' title='bbox 415 2699 583 2778; x_wconf 84' lang='lat' dir='ltr'>veritatem</span> <span class='ocrx_word' id='word_1_158' title='bbox 611 2706 648 2760; x_wconf 91' lang='lat' dir='ltr'>ut</span> <span class='ocrx_word' id='word_1_159' title='bbox 670 2698 826 2778; x_wconf 85' lang='lat' dir='ltr'>assolent,</span> <span class='ocrx_word' id='word_1_160' title='bbox 853 2697 979 2780; x_wconf 85' lang='lat' dir='ltr'>aceepit</span> <span class='ocrx_word' id='word_1_161' title='bbox 1005 2721 1057 2762; x_wconf 89' lang='lat' dir='ltr'>re-</span> 
     </span>
    </p>
   </div>
   <div class='ocr_carea' id='block_1_11' title="bbox 301 2959 1154 3233">
    <p class='ocr_par' dir='ltr' id='par_1_11' title="bbox 301 2959 1154 3233">
     <span class='ocr_line' id='line_1_25' title="bbox 304 2959 1154 3008; baseline 0.001 -3"><span class='ocrx_word' id='word_1_162' title='bbox 304 2963 315 3005; x_wconf 89' lang='lat'>1</span> <span class='ocrx_word' id='word_1_163' title='bbox 342 2963 459 3007; x_wconf 84' lang='lat' dir='ltr'>adventus</span> <span class='ocrx_word' id='word_1_164' title='bbox 478 2961 542 3006; x_wconf 79' lang='lat' dir='ltr'>editi.</span> <span class='ocrx_word' id='word_1_165' title='bbox 588 2961 602 3007; x_wconf 80' lang='lat'><strong>3</strong></span> <span class='ocrx_word' id='word_1_166' title='bbox 626 2963 650 3007; x_wconf 93' lang='lat' dir='ltr'>in</span> <span class='ocrx_word' id='word_1_167' title='bbox 669 2977 713 3007; x_wconf 83' lang='lat' dir='ltr'>om.</span> <span class='ocrx_word' id='word_1_168' title='bbox 732 2963 796 3008; x_wconf 78' lang='lat' dir='ltr'>editi.</span> <span class='ocrx_word' id='word_1_169' title='bbox 835 2960 849 3007; x_wconf 80' lang='lat' dir='ltr'>b</span> <span class='ocrx_word' id='word_1_170' title='bbox 873 2961 1054 3006; x_wconf 81' lang='lat' dir='ltr'>noncm.editi.</span> <span class='ocrx_word' id='word_1_171' title='bbox 1153 2959 1154 2982; x_wconf 77' lang='lat'>³</span> 
     </span>
     <span class='ocr_line' id='line_1_26' title="bbox 301 3031 1054 3090; baseline 0.002 -15"><span class='ocrx_word' id='word_1_172' title='bbox 301 3031 433 3090; x_wconf 81' lang='lat' dir='ltr'>liparadisc</span> <span class='ocrx_word' id='word_1_173' title='bbox 452 3034 480 3077; x_wconf 78' lang='lat' dir='ltr'>A.</span> <span class='ocrx_word' id='word_1_174' title='bbox 544 3033 557 3078; x_wconf 87' lang='grc'><strong>9</strong></span> <span class='ocrx_word' id='word_1_175' title='bbox 586 3033 742 3088; x_wconf 81' lang='lat' dir='ltr'>hodielLuc.</span> <span class='ocrx_word' id='word_1_176' title='bbox 764 3031 857 3078; x_wconf 72' lang='lat'>2313.</span> <span class='ocrx_word' id='word_1_177' title='bbox 915 3032 945 3076; x_wconf 88' lang='grc'>10</span> <span class='ocrx_word' id='word_1_178' title='bbox 974 3035 1054 3078; x_wconf 81' lang='lat' dir='ltr'>setA.</span> 
     </span>
     <span class='ocr_line' id='line_1_27' title="bbox 301 3099 1154 3164; baseline 0.001 -17"><span class='ocrx_word' id='word_1_179' title='bbox 301 3103 534 3162; x_wconf 75' lang='lat' dir='ltr'>liquIasilquasiB.</span> <span class='ocrx_word' id='word_1_180' title='bbox 577 3103 607 3148; x_wconf 83' lang='lat'>15</span> <span class='ocrx_word' id='word_1_181' title='bbox 637 3103 908 3164; x_wconf 81' lang='lat' dir='ltr'>ipsumJinipsumAB.</span> <span class='ocrx_word' id='word_1_182' title='bbox 952 3103 982 3148; x_wconf 91' lang='lat'>18</span> <span class='ocrx_word' id='word_1_183' title='bbox 1012 3117 1056 3162; x_wconf 87' lang='lat' dir='ltr'>per</span> <span class='ocrx_word' id='word_1_184' title='bbox 1153 3099 1154 3132; x_wconf 66' lang='lat' dir='ltr'>l</span> 
     </span>
     <span class='ocr_line' id='line_1_28' title="bbox 301 3172 1154 3233; baseline 0.001 -16"><span class='ocrx_word' id='word_1_185' title='bbox 301 3187 345 3218; x_wconf 84' lang='lat' dir='ltr'>cm.</span> <span class='ocrx_word' id='word_1_186' title='bbox 359 3173 422 3218; x_wconf 77' lang='lat' dir='ltr'>editi.</span> <span class='ocrx_word' id='word_1_187' title='bbox 481 3175 511 3219; x_wconf 89' lang='lat'>19</span> <span class='ocrx_word' id='word_1_188' title='bbox 540 3175 723 3233; x_wconf 88' lang='lat' dir='ltr'>transyndcrum</span> <span class='ocrx_word' id='word_1_189' title='bbox 740 3177 769 3220; x_wconf 77' lang='lat' dir='ltr'>A.</span> <span class='ocrx_word' id='word_1_190' title='bbox 826 3174 857 3220; x_wconf 77' lang='lat'>22</span> <span class='ocrx_word' id='word_1_191' title='bbox 886 3172 1004 3220; x_wconf 86' lang='lat' dir='ltr'>nollentes</span> <span class='ocrx_word' id='word_1_192' title='bbox 1022 3173 1053 3220; x_wconf 90' lang='lat' dir='ltr'>B.</span> <span class='ocrx_word' id='word_1_193' title='bbox 1153 3173 1154 3180; x_wconf 76' lang='grc'>’</span> 
     </span>
    </p>
   </div>
   <div class='ocr_carea' id='block_1_12' title="bbox 302 3243 496 3291">
    <p class='ocr_par' dir='ltr' id='par_1_12' title="bbox 302 3243 496 3291">
     <span class='ocr_line' id='line_1_29' title="bbox 302 3243 496 3291; baseline 0.005 -2"><span class='ocrx_word' id='word_1_194' title='bbox 302 3244 333 3290; x_wconf 80' lang='lat'>23</span> <span class='ocrx_word' id='word_1_195' title='bbox 361 3243 449 3291; x_wconf 84' lang='lat' dir='ltr'>assolet</span> <span class='ocrx_word' id='word_1_196' title='bbox 467 3247 496 3290; x_wconf 79' lang='lat' dir='ltr'>A.</span> 
     </span>
    </p>
   </div>
   <div class='ocr_carea' id='block_1_13' title="bbox 0 0 1162 3840">
    <p class='ocr_par' dir='ltr' id='par_1_13' title="bbox 0 0 1162 3840">
     <span class='ocr_line' id='line_1_30' title="bbox 0 0 1162 3840; baseline 0 0"><span class='ocrx_word' id='word_1_197' title='bbox 0 0 1162 3840; x_wconf 95' lang='lat' dir='ltr'> </span> 
     </span>
    </p>
   </div>
  </div>
 </body>
</html>
