2198 3840
235 276 290 332 ass
982 280 1001 328 V
1021 283 1044 330 te

258 447 270 492 1
307 427 463 492 montium
490 436 548 492 aut
575 450 594 492 a
623 425 788 512 praedicto
812 424 947 494 Oosano
973 425 1042 492 dila·

256 550 271 597 a
306 529 441 596 tissime.
486 529 545 596 sed
572 529 660 616 quod
690 530 930 614 multiloquium
949 531 1043 596 mitta·

257 654 271 700 a
308 655 379 700 mus
401 634 648 700 aestimavimus.
937 665 944 698 ι

255 754 271 802 1
330 735 382 804 lt.
425 735 524 819 Quod
538 737 567 802 si
581 737 710 812 minime
724 746 854 802 nostrae
869 737 1042 824 fragilitatis

256 857 270 905 1
306 840 421 906 fefellit
434 863 535 922 mens,
557 840 642 906 siout
656 862 715 905 uos
730 840 991 926 philosophorum
1003 841 1044 906 in·

256 965 271 1012 e
307 944 425 1010 struxit
439 944 575 1025 astuoia,
590 951 647 1008 aut
661 951 698 1008 ut
712 965 808 1028 super
823 944 1043 1029 scriptumest,

257 1070 271 1116 v
307 1047 384 1114 dum
405 1055 633 1112 transmetatae
656 1055 732 1112 sunt
752 1047 910 1131 plurimae
931 1056 1043 1134 gentes,

256 1173 271 1220 a
308 1161 345 1216 ut
365 1149 521 1216 barbarus
536 1172 606 1216 mos
622 1159 681 1231 est,
702 1150 839 1214 forsitan
853 1149 950 1216 modo
964 1150 1045 1215 aliter

257 1275 271 1322 e
307 1253 518 1340 appellantur.
564 1276 638 1318 nam
653 1275 763 1318 omnes
778 1253 921 1338 prolatas
935 1257 1043 1339 patrias

240 1378 271 1424 10
307 1357 430 1439 mundi,
453 1354 583 1422 Christo
605 1355 697 1422 nobis
719 1356 984 1442 philosophorum
996 1355 1044 1421 ad-

240 1483 268 1526 11
308 1464 438 1527 iuvante
466 1448 663 1542 munimine,
686 1459 817 1525 alterius
847 1484 888 1525 ex
914 1459 1045 1544 quolibet

240 1584 271 1632 12
307 1566 406 1630 latere
423 1585 577 1629 conexam
591 1562 841 1650 designavimus.
879 1572 912 1629 et
921 1565 1045 1630 fortasse

240 1661 271 1732 11
308 1669 404 1734 aliam
425 1667 635 1732 intentionem
658 1666 817 1752 quispiam
844 1667 1044 1754 proposuerit,

241 1791 272 1836 14
308 1772 460 1838 adserens
483 1767 642 1854 quomodo
657 1770 807 1854 aequales
823 1771 986 1856 portiones
999 1792 1044 1836 ae·

240 1897 271 1941 11
310 1885 464 1961 oeperunt
490 1874 549 1938 filii
570 1873 661 1954 Noe,
692 1894 764 1937 eum
792 1871 917 1940 dietum
945 1876 986 1940 sit
1010 1873 1045 1939 sd
1093 1918 1094 1938 2

241 1999 272 2044 1s
308 2001 460 2045 oceasum
491 1977 588 2042 finem
622 1975 740 2040 habere
768 1977 884 2042 Asiam
911 1978 1044 2065 superius

240 2101 271 2146 11
309 2082 429 2148 dietam
455 2081 661 2165 Aethiopiam
689 2079 968 2166 Trogloditorum,
998 2079 1044 2146 ubi

241 2204 272 2250 18
308 2185 486 2253 seeundum
499 2183 676 2270 praefatam
689 2185 950 2268 supputationem
962 2185 1046 2250 tertia

240 2307 271 2352 19
308 2291 388 2356 hora
409 2289 473 2354 diei
496 2310 592 2373 super
614 2286 869 2373 designationem
893 2289 984 2372 quasi
998 2286 1045 2352 ad·

310 2481 323 2526 l
343 2481 395 2536 aut]
414 2477 453 2524 vel
471 2477 577 2526 Betiti.
631 2477 646 2522 2
665 2476 822 2522 immittamus
838 2477 868 2535 B,
892 2478 994 2524 nitamur
1004 2475 1044 2524 AC.

309 2549 526 2598 texstimauimus
547 2550 576 2606 A,
603 2547 772 2594 estimavimus
791 2545 815 2593 0.
888 2548 903 2594 t
931 2548 1005 2595 sefelit
1019 2548 1044 2593 B.

307 2621 386 2676 llnosl
404 2621 476 2668 nobis
493 2617 542 2666 BC.
624 2619 638 2664 6
665 2624 770 2664 autom.
789 2617 854 2664 aditi.
881 2617 892 2664 ΙΙ
918 2625 946 2665 ut
962 2618 1044 2665 om.B.

308 2692 318 2740 ΙΙ
330 2698 367 2740 est
385 2705 428 2736 om.
444 2690 468 2738 0.
523 2692 538 2736 7
558 2694 700 2736 transmeata
720 2687 745 2734 0.
800 2689 814 2734 9
834 2688 996 2748 appellantur]
1013 2689 1045 2736 iis

307 2764 442 2810 intermittit
460 2761 487 2808 G.
524 2760 534 2806 ΙΙ
572 2765 630 2818 post
651 2759 743 2819 patrias
760 2756 804 2805 BC
819 2759 875 2804 odd.
894 2765 967 2817 totas,
991 2759 1045 2806 Reti

308 2837 406 2880 coniecit
424 2834 506 2880 totius.
563 2832 593 2876 11
622 2831 759 2885 munimine]
778 2843 875 2875 mmune
886 2832 916 2888 A,
935 2831 1044 2885 imunelt,

308 2905 412 2952 Numine
429 2905 493 2950 editt.
520 2902 530 2947 ll
556 2901 665 2956 alterius}
684 2900 753 2946 alteri
771 2899 822 2946 311
843 2901 884 2946 10.
913 2901 923 2947 ΙΙ
948 2902 1046 2960 qualibet

307 2978 352 3022 AB
370 2976 435 3022 editi.
490 2974 521 3019 12
545 2985 678 3018 connexam
699 2969 798 3017 Cartili.
858 2973 889 3017 13
914 2971 962 3018 alia
978 2973 1046 3019 inten-

309 3048 374 3094 tione
383 3045 431 3092 Ae.
450 3044 460 3090 ll
477 3044 595 3103 quispiam
604 3042 763 3102 proposuerit]
773 3044 926 3100 proposuerit
933 3042 1016 3101 aliquis
1025 3039 1044 3088 C.

311 3119 343 3164 11
362 3114 571 3164 assereust'editi.
610 3114 640 3158 16
659 3112 850 3162 haberatasiaB
861 3113 926 3160 editi.
965 3115 993 3159 17
1011 3113 1045 3159 tri·

308 3189 454 3250 gloditorum
472 3188 504 3243 A,
532 3184 692 3245 trigliotorum
709 3183 741 3239 B,
770 3182 973 3243 Troglodytorum
990 3183 1043 3229 editt.

310 3261 341 3308 18
369 3259 444 3306 tercia
462 3255 486 3304 0.
