2314 3840
264 260 282 314 1
1039 265 1088 312 11

284 431 297 474 1
334 406 396 470 lius
418 406 479 471 tibi
500 406 641 471 indicem
657 407 823 490 mundum,
845 408 1008 474 reeordari
1031 409 1091 474 de·

282 533 297 578 a
333 508 391 574 bes
414 510 501 593 quod
523 511 568 574 ait
589 511 624 574 in
650 512 770 576 sanetis
793 512 961 597 scripturis
984 512 1091 577 domi-

282 637 297 681 3
333 636 394 677 nus
424 612 535 678 dicens
566 613 643 695 „ubi
671 637 741 678 eras
771 614 900 697 quando
926 616 1089 701 ponebam

281 741 297 784 4
333 715 542 781 fundamenta
555 715 681 780 terrae?
703 715 812 781 indica
830 718 920 800 mihi,
936 721 963 783 si
984 717 1088 784 habes

283 842 297 888 1
334 821 588 907 intelligentiam.
618 819 689 902 quis
703 821 812 904 posuit
826 844 993 886 mensuras
1005 823 1087 905 eius,

282 950 296 994 0
334 925 362 1008 si
384 925 483 1005 nosti,
509 923 561 988 vel
584 923 654 1006 quis
677 921 815 988 tetendit
837 947 933 1010 super
956 948 1026 990 eam
1046 926 1088 989 li-

282 1050 296 1094 1
333 1027 468 1092 neam?“
494 1036 526 1090 et
548 1023 625 1090 alibi
649 1024 872 1106 „altitudinem
895 1029 975 1092 oaeli
990 1039 1023 1093 et
1037 1029 1087 1094 la

281 1151 297 1196 a
332 1130 503 1196 titudinem
514 1138 618 1193 terrae
630 1137 662 1191 et
676 1128 871 1212 protundum
886 1131 996 1217 abyssi
1011 1135 1085 1217 quis

281 1255 296 1302 9
332 1256 463 1300 mensus
484 1232 580 1298 est?“¹
602 1231 661 1298 sed
682 1241 808 1297 tantum
832 1255 905 1298 oum
926 1237 1093 1322 propheta.

264 1357 296 1402 10
334 1339 506 1404 clamemus
531 1357 648 1419 „quam
669 1336 876 1422 magnificata
896 1348 972 1404 sunt
986 1362 1086 1424 opera

264 1463 295 1508 11
331 1451 398 1524 tua,
422 1440 566 1504 domine!
589 1439 696 1506 omnia
716 1439 750 1502 in
773 1441 930 1525 sapientia
944 1443 1083 1506 feoisti.“

264 1567 296 1612 12
331 1569 406 1610 nam
430 1543 517 1628 quod
539 1542 625 1628 apud
646 1542 821 1607 humanum
836 1567 966 1609 sensum
979 1547 1085 1630 possi-

264 1671 295 1716 10
331 1648 395 1713 bile
419 1656 478 1728 est,
503 1646 677 1712 multorum
698 1645 961 1731 philosophorum
982 1648 1085 1734 relegi

264 1775 296 1820 14
330 1752 429 1818 libros
449 1748 578 1814 Christo
600 1749 730 1815 iuvante
752 1751 960 1833 inquantum
974 1751 1083 1814 valeo:

264 1877 294 1925 15
332 1857 382 1920 aio
406 1854 477 1936 tibi,
506 1853 583 1919 licet
605 1851 638 1916 in
661 1851 756 1918 India
783 1854 912 1940 genitus
934 1877 999 1920 non
1022 1855 1085 1918 sim

263 1985 295 2030 16
331 1981 435 2042 neque
458 1956 552 2020 alitus
575 1955 609 2022 in
625 1952 736 2024 scotia
755 1978 859 2040 neque
881 1956 1085 2042 perambula

263 2088 294 2134 17
330 2062 431 2130 verim
441 2058 672 2124 Mauritaniam
683 2059 778 2124 simul
790 2081 851 2124 neo
861 2068 1083 2146 perscrutatus

263 2189 295 2236 18
331 2166 392 2230 sim
407 2164 574 2252 Scythiam
597 2170 653 2228 aut
674 2185 732 2250 per
747 2162 953 2250 quadrigines
970 2163 1084 2228 ambu-

263 2292 293 2339 19
329 2268 463 2334 laverim
478 2265 600 2348 mundi,
622 2275 764 2332 attamen
779 2266 989 2333 intellectuali
1004 2264 1084 2330 doo-

261 2394 293 2442 20
330 2372 415 2436 trina
438 2369 539 2434 imbui
565 2379 670 2436 totum
690 2369 847 2434 mundum
868 2369 1084 2436 diversarum-

243 2499 291 2546 -11
330 2497 391 2559 que
415 2475 559 2562 gentium
574 2465 800 2555 habitationes,
823 2474 908 2538 siout
921 2473 955 2536 in
971 2495 1083 2536 eorum

331 2655 343 2699 1
373 2654 485 2709 indicem]
502 2653 602 2699 inditem
620 2653 650 2710 B,
673 2651 779 2699 include
798 2653 827 2698 A.
850 2651 860 2698 ΙΙ
880 2652 1041 2708 debesliubes
1059 2652 1083 2697 B

328 2723 393 2769 editi.
456 2725 471 2769 3
499 2725 588 2780 dicens]
606 2725 648 2770 Iob
667 2723 701 2769 38
720 2723 772 2770 15.
831 2724 845 2768 6
874 2723 984 2778 tetendit}
1003 2728 1027 2767 te
1044 2727 1082 2768 te-

327 2795 395 2840 nebit
404 2795 433 2840 B.
453 2794 463 2840 ll
480 2799 540 2850 eam]
550 2794 616 2862 illam
626 2795 691 2840 editt.
734 2795 748 2839 7
768 2793 835 2850 alibi}
847 2793 1014 2840 Ecclesiastioi
1026 2793 1040 2837 1
1056 2794 1081 2839 2.

329 2866 343 2910 9
372 2868 474 2920 tantum]
493 2870 573 2910 tamen
592 2865 656 2910 editi.
679 2864 688 2909 ΙΙ
709 2865 839 2923 propheta]
857 2862 947 2910 Psalm.
966 2863 1018 2910 103
1036 2863 1080 2910 24.

328 2937 360 2982 13
383 2934 590 2996 phylosophorum
598 2937 648 2993 AB,
662 2933 837 2994 quiatcaoleat.
893 2935 924 2980 15
949 2935 1079 2980 aioom.A.

329 3007 360 3053 16
384 3006 464 3064 alitus]
477 3005 569 3065 aliquid
580 3007 609 3052 Α.
627 3006 637 3052 ΙΙ
653 3005 881 3065 perambulauissem
893 3006 922 3052 A.
979 3006 1011 3050 17
1029 3020 1080 3051 ma-

326 3079 438 3124 ritaniam
451 3077 482 3124 B.
538 3079 570 3124 18
589 3077 708 3138 syethiam
719 3077 749 3134 A,
767 3076 877 3122 scithiam
889 3076 920 3120 B.
976 3077 1007 3121 19
1022 3081 1079 3134 post
1111 3105 1114 3114 2

326 3154 432 3195 attamen
449 3147 537 3194 Porelt.
550 3147 674 3194 additob.
746 3148 779 3193 20
807 3147 894 3192 imbuti
905 3146 957 3205 ΑΒ,
979 3147 1078 3192 imbutis

326 3219 413 3266 Porct.
432 3219 443 3265 ΙΙ
466 3222 533 3266 totus
549 3219 652 3266 mundus
668 3217 757 3265 Porct.
