2242 3838
56 289 127 336 ΝΒ

76 460 89 502 1
280 436 378 500 Actia
400 435 569 522 Nicopolis

74 563 89 605 a
279 539 437 604 Rotaroto

74 665 90 708 a
280 643 411 708 Ponice.

75 772 90 814 4
172 748 236 813 Per
265 770 362 832 quam
388 749 526 834 patrium
552 757 720 814 transeunt
742 748 881 834 plurima

77 874 90 919 5
129 851 262 917 flumina

75 979 90 1020 a
281 955 419 1022 Calidori

77 1081 90 1123 7
279 1061 409 1124 Euenos
432 1070 465 1125 et

75 1185 89 1228 a
279 1163 444 1228 Achelois.

76 1290 89 1333 a
162 1265 192 1334 9.
239 1265 323 1331 Item
344 1268 436 1330 iuxta
456 1267 559 1351 ipsam
574 1265 738 1352 regionem
752 1267 879 1354 Epyros

60 1397 89 1440 10
128 1381 177 1436 est
199 1373 304 1456 patria
325 1371 538 1435 famosissima
560 1391 641 1452 quae
665 1368 783 1436 dicitur
804 1371 879 1436 Ma·

61 1485 108 1544 11'
128 1473 273 1539 cedonia.
319 1475 410 1538 cuius
425 1474 547 1559 patriae
562 1472 691 1558 plurimi
707 1475 878 1559 scriptores

60 1603 89 1647 12
127 1579 303 1642 extiterunt
324 1577 518 1663 philosophi,
541 1600 581 1640 ex
604 1575 719 1661 quibus
738 1600 798 1663 ego
813 1578 879 1665 legi

63 1708 89 1752 ιε
125 1681 404 1767 praenominatum
422 1681 606 1762 Livanium,
628 1679 733 1765 Hylas
756 1690 789 1746 et
803 1682 876 1746 Ari·

62 1811 89 1854 n
126 1785 293 1850 starchum
314 1781 513 1849 Graecorum
530 1783 750 1868 philosophos
773 1785 879 1850 sedet

62 1916 90 1960 15
126 1889 313 1953 multotiens
343 1887 466 1952 dictum
493 1884 675 1952 Castorium
705 1898 736 1952 et
757 1887 879 1954 Lollia-
936 1922 939 1927 ·

61 2020 90 2066 ro
125 2016 205 2056 num
228 2000 324 2075 atque
346 1991 550 2057 Arbitionem
567 1990 785 2056 Romanorum
806 1993 878 2078 phi·
930 2074 934 2084 β

62 2127 89 2172 17
126 2095 294 2181 losophos:
324 2094 382 2160 sed
411 2119 475 2160 non
499 2095 674 2178 aequaliter
696 2096 798 2179 ipsam
821 2095 877 2161 de·

128 2359 141 2402 l
172 2354 352 2413 cstiamcopolis
370 2355 404 2411 A,
432 2354 612 2413 astianicopolis
635 2353 687 2412 BC,
715 2355 786 2402 Actia
804 2355 877 2401 Nico-

126 2425 178 2485 poli
205 2426 261 2470 Aat.
285 2432 307 2470 et
328 2425 395 2480 Tala,
423 2424 586 2484 Acianiapolis
609 2425 628 2470 V
648 2426 690 2471 13.
769 2427 783 2472 2
812 2433 876 2472 rota-

125 2498 178 2543 roio
196 2494 268 2553 ABG,
286 2496 419 2542 Rutharoto
441 2495 504 2552 Tob„
523 2496 641 2542 Buthroto
659 2499 723 2553 Ant,
742 2497 876 2542 Buthrotos

131 2568 153 2612 V
168 2567 211 2613 13.
266 2569 280 2612 3
300 2566 401 2612 Poenico
420 2567 483 2622 editi,
503 2566 620 2612 Phoenice
638 2569 729 2612 Arctet
745 2566 796 2624 alit,
816 2567 876 2612 Phe-

126 2639 179 2686 nice
202 2638 266 2694 Tab„
293 2633 379 2683 Peni‘ce
397 2637 417 2682 V
433 2637 475 2694 13,
502 2651 564 2682 accc
581 2637 674 2684 Feniki.
729 2639 744 2682 4
773 2639 875 2695 patriam

126 2724 172 2754 om.
191 2711 219 2754 A.
284 2709 298 2753 6
328 2706 438 2766 Calydon
457 2708 521 2765 editi,
548 2707 650 2754 Calidori
668 2708 691 2754 fl.
715 2707 779 2764 Tau,
803 2707 875 2767 Caly-

127 2781 176 2825 don
195 2778 323 2836 (civitat)
343 2778 419 2824 V13.
481 2781 494 2825 7
523 2778 671 2824 Evvenosfl.
690 2778 753 2834 Tala,
778 2777 875 2824 Evenus

127 2850 166 2896 IV
185 2851 228 2906 15,
253 2849 350 2895 Euenus
374 2849 501 2905 (civitati)
527 2849 603 2896 V13.
669 2851 684 2894 8
713 2847 821 2908 achiloys
851 2848 874 2906 C,

127 2920 236 2980 achylois
259 2920 289 2977 B,
316 2919 440 2980 Achyloys
463 2920 526 2976 editi,
557 2918 666 2966 Achelou
689 2919 788 2964 fluvium
810 2921 873 2977 Ant,

126 2991 238 3038 Acilovm
262 2991 285 3036 fl.
312 2991 376 3048 Tau,
404 2989 517 3036 Acielous
538 2991 578 3036 IV
597 2989 643 3046 15,
672 2989 804 3036 Acheloum
828 2993 875 3048 (ci-

127 3062 220 3118 citoatl
239 3061 258 3107 V
274 3061 315 3107 13.
344 3062 353 3106 ll
374 3067 432 3120 poet
443 3061 556 3107 Achelois
570 3059 588 3108 C
605 3060 672 3118 addit
685 3062 714 3106 de
726 3062 873 3107 macedonia.

130 3134 143 3178 9
170 3133 267 3192 Epyros
294 3147 338 3178 om.
351 3135 379 3178 A.
444 3135 475 3180 13
503 3131 565 3178 hilas
589 3134 617 3176 A.
646 3131 655 3176 ll
681 3133 819 3177 aristareum
849 3130 873 3177 0.

6 3215 22 3254 ³5
130 3205 160 3250 15
188 3203 331 3250 multociens
360 3201 388 3260 0,
416 3203 538 3250 multoties
561 3201 625 3248 editi.
652 3202 661 3247 ΙΙ
688 3203 819 3248 hastorium
849 3200 872 3252 C.

17 3269 18 3296 ἢ
128 3275 138 3319 ll
150 3273 266 3322 lolianum
284 3274 327 3320 AB
345 3273 409 3319 editi.

17 3360 19 3382 l
50 3360 51 3363 ’
675 3357 705 3397 13
