2314 3840
218 310 272 350 Vll!
549 309 700 344 Panaenum.

218 453 351 518 diversis
380 475 399 517 a
427 451 575 518 manibus
603 453 818 536 conscriptos3
853 449 953 514 veluti
983 449 1032 512 in·

219 573 295 630 sunt
325 561 491 629 Ciceronis
520 561 602 628 Cato
630 563 747 644 maior,
776 561 934 626 somnium
962 557 1033 626 Sci·

217 677 333 761 pionia
349 676 510 740 orationes
526 675 698 740 nonnullae
715 716 756 724 -
775 673 895 758 scripta
911 671 1033 755 aliquot

218 787 386 852 Francisoi
397 785 591 850 Petrarohae
607 794 639 850 et
650 785 780 850 Nicolai
795 783 835 848 de
848 781 1032 870 Clemangis

218 941 260 948 —
289 895 499 984 Hildegardis
529 896 696 982 prophetie
725 939 766 946 -
789 893 952 960 Leonardi
977 893 1033 958 Iu·

218 1007 349 1075 stiniani
374 1008 494 1074 Veneti
528 1009 589 1072 viri
623 1007 751 1093 patricii
780 1003 894 1072 Oratio
922 1005 1034 1076 habita

217 1121 251 1184 in
273 1121 384 1185 firnere
407 1121 520 1184 Karoli
542 1118 622 1213 Zeni
645 1141 673 1183 a.
693 1118 787 1199 1418,
810 1119 882 1182 alia.

262 1231 390 1296 Harum
406 1232 547 1316 partium
557 1230 711 1295 vicesima
728 1229 874 1314 septima,
890 1249 972 1294 saec.
980 1247 1033 1292 x1v

218 1344 270 1408 vel
292 1363 345 1424 xv,
367 1341 554 1413 inscribitur
582 1339 856 1426 „Cosmographia
876 1337 1033 1426 ligydiote

218 1454 319 1540 geniti
334 1455 368 1518 in
384 1454 513 1518 civitate
528 1452 716 1518 Ravenna“.
739 1451 780 1516 cf.
796 1449 923 1516 Haenel
939 1450 1033 1514 catal.

217 1589 249 1650 p.
263 1564 370 1632 53rtb.
396 1563 611 1650 „ligydiotae“
631 1585 746 1627 nomen
762 1571 947 1650 corruptum
962 1584 1033 1626 esse

218 1699 258 1740 ex
268 1675 433 1741 vocabulis
447 1675 543 1756 „licet
552 1673 672 1739 idiota“
682 1673 758 1759 (IV,
767 1675 819 1741 31.
831 1673 944 1758 p.258,
953 1673 983 1740 3.
995 1673 1032 1758 4)

219 1789 344 1852 monuit
358 1785 466 1850 Maria
480 1784 665 1855 Armandus
676 1785 843 1850 Paschalis
859 1783 1034 1867 d’Avezac‚

220 1899 311 1962 cuius
334 1897 526 1984 benignitati
548 1897 695 1962 notitiam
716 1896 812 1962 huius
835 1895 1035 1962 codicis-de·

219 2008 342 2073 bemus.
400 2009 543 2074 continet
570 2007 670 2072 libros
696 2007 843 2089 tertium,
875 1987 1035 2091 quartuor,

219 2120 367 2204 quintum
401 2117 560 2185 auctiores
594 2141 690 2202 quam
723 2119 758 2183 in
787 2121 844 2183 AB
872 2119 1034 2205 leguntur.

218 2231 305 2295 hunc
335 2231 479 2296 codicem
509 2232 543 2295 in
572 2252 667 2295 usum
693 2239 838 2295 nostrum
860 2231 1035 2295 accuratis-

219 2343 298 2407 sime
321 2342 462 2407 excussit
485 2339 621 2407 Carolus
635 2339 822 2407 Ludovicus
838 2341 938 2423 Roth,
960 2365 1035 2426 pro-

218 2453 321 2518 fessor
342 2453 539 2518 Basiliensis.

264 2565 398 2629 Praeter
420 2573 486 2629 tres
516 2585 597 2647 quos
619 2561 715 2626 modo
738 2563 957 2628 recensuimus
982 2557 1036 2628 co-

221 2675 311 2741 dices
340 2677 463 2741 nullum
486 2675 684 2742 Ravennatis
713 2669 831 2739 librum
859 2676 1035 2762 genuinum

220 2789 363 2852 invenire
399 2786 493 2851 nobis
530 2787 676 2873 contigit.
727 2787 900 2872 vestigium
926 2795 1035 2850 tamen

220 2897 392 2964 habuimus
422 2899 528 2984 quarti
551 2897 683 2963 codicis.
727 2899 865 2996 legimus
894 2897 980 2962 enim
1001 2898 1036 2962 in

219 3011 326 3096 regiae
349 3009 556 3074 Monacensis
584 3009 799 3075 bibliothecae
822 3008 968 3096 catalogo
996 3009 1036 3074 li·

218 3117 350 3185 broruin
382 3144 479 3186 manu
512 3121 705 3206 scriptorum
736 3121 799 3186 hoc
830 3121 865 3184 in
891 3121 1036 3207 margine

221 3231 367 3296 additum
399 3255 496 3299 manu
517 3231 648 3298 Ioannis
670 3233 822 3300 Andreae
845 3231 1035 3300 Schmelleri
1144 3235 1150 3270 ‘³
