2314 3840
1 258 153 341 ‘re
359 283 362 289 '
839 295 933 348 ·2·3

127 465 139 508 r
181 437 338 525 procedat
370 439 404 504 in
426 439 665 525 -suporioribuu
714 463 790 506 nam
822 450 934 508 saneta

123 568 140 613 2
181 543 342 627 seriptum
370 541 411 608 de
439 543 502 610 hoo
532 543 672 628 capitulo
700 544 747 609 ita
773 545 932 629 proponit.

124 671 140 716 3
181 645 239 710 sed
261 655 294 712 et
316 654 436 712 testare
460 646 521 714 sibi
544 645 584 711 de
599 645 662 712 hoo
676 647 747 733 ipso
762 648 932 714 nonnullos

123 773 141 820 4
180 748 359 814 mundanos
382 749 602 836 philosoph03‚
631 751 716 816 inter
738 773 819 834 quos
842 751 933 839 Ligi-

124 880 139 927 5
179 853 269 916 nium
284 862 317 918 et
331 852 551 919 Ptolemaeum
573 876 683 940 regem
696 853 932 941 Aegyptiorum

124 984 140 1030 0
180 977 220 1020 ex
242 957 342 1042 stirpe
362 955 581 1024 Macedonum
603 966 731 1024 erotoae
754 958 854 1042 partis
877 959 932 1023 de-

124 1087 140 1132 7
180 1060 379 1145 scriptorem,
408 1071 565 1128 asserunt.
616 1061 675 1128 sed
703 1068 736 1126 et
758 1061 930 1148 Rigilinus‚

124 1189 140 1234 s
179 1172 216 1228 ut
238 1163 364 1245 dieunt,
390 1163 600 1250 philosophus
623 1165 669 1230 ite
690 1163 843 1232 decrevit.

125 1343 140 1386 9
313 1309 345 1376 Ο
369 1313 520 1378 creatoris
543 1311 655 1376 inolita

106 1443 139 1489 10
267 1425 299 1478 et
322 1415 429 1480 valide
450 1415 605 1501 potentia,

107 1549 139 1592 11
268 1527 319 1584 sat
341 1519 421 1582 mira
445 1527 561 1584 cuncta
583 1517 664 1602 quae
687 1520 788 1605 gessit

107 1653 139 1698 η
267 1622 408 1686 archana
429 1621 641 1708 providentia.

110 1755 139 1800 13
269 1725 360 1791 ouius
383 1725 474 1820 iussu
496 1725 553 1790 lux
575 1725 691 1791 oritur:

106 1859 140 1902 14
268 1827 427 1893 desistunt
450 1830 559 1894 statim
582 1827 749 1893 tenebrae:

107 1959 139 2006 15
269 1931 432 1996 occumbit
454 1931 567 1996 Titan:
591 1940 744 2016 protenus

107 2063 140 2108 16
270 2036 426 2100 assistunt
447 2043 551 2100 terrae
574 2035 695 2116 sedule,

106 2167 139 2212 17
269 2148 428 2222 nocteque
451 2139 499 2205 sol
522 2139 711 2225 igniformus

107 2272 139 2316 18
267 2251 391 2325 partem
415 2251 557 2306 arctoam
580 2241 722 2306 ambulat

107 2375 139 2420 19
268 2345 396 2409 zozaieo
418 2346 531 2409 itinere

105 2479 139 2526 ρο
269 2469 307 2512 ao
329 2471 387 2536 per
408 2449 580 2514 immensos
602 2447 724 2516 latices.

179 2698 192 2742 1
217 2693 458 2754 poetnamBaddit
477 2695 514 2740 de.
577 2695 590 2740 8
619 2695 701 2740 testari
720 2694 784 2740 editi.
803 2694 813 2740 11
838 2695 867 2740 de
885 2709 929 2740 om.

177 2765 243 2814 editi.
262 2765 272 2811 ΙΙ
291 2766 346 2824 ipso
357 2764 495 2822 nonnullos}
507 2766 587 2823 ipsum
598 2763 734 2812 nulnsAB
746 2765 810 2810 editi.
859 2765 875 2810 4
902 2765 931 2810 li-

177 2838 270 2898 gimum
282 2838 311 2882 A.
359 2835 373 2883 5
393 2835 541 2895 ptolomeum
553 2835 605 2884 ΑΒ.
644 2837 769 2881 ometore
782 2836 811 2881 A.
861 2837 875 2881 9
895 2837 931 2882 in-

177 2907 245 2967 clyta
262 2907 327 2953 editi.
412 2907 443 2952 10
471 2907 583 2965 potencie
600 2907 629 2952 A.
703 2907 734 2951 12
762 2919 849 2952 arcane
866 2905 930 2952 editi.

180 2979 212 3024 te
241 2979 323 3033 oritur}
342 2982 395 3024 orte
411 2977 458 3022 AB·
474 2977 538 3022 editi.
612 2975 642 3022 15
658 2976 803 3022 *oeeubente
821 2975 872 3034 AB,
891 2990 931 3022 oe·

178 3049 283 3094 cubante
295 3047 359 3093 editi.
378 3047 388 3092 ΙΙ
407 3047 482 3092 titene
495 3061 591 3106 promus
603 3047 646 3092 AB
658 3047 723 3092 editi.
797 3048 827 3092 16
846 3049 929 3103 terrae]

179 3124 239 3166 tetro
247 3119 276 3164 A.
295 3118 306 3163 11
324 3116 421 3164 sedulae
439 3117 504 3162 odoi.
577 3118 608 3162 17
636 3117 785 3176 igniformus}
804 3118 866 3176 ignia
883 3118 930 3162 for-

178 3203 232 3236 mus
243 3189 273 3246 Β,
293 3189 356 3248 ignis
368 3187 442 3234 totuis
454 3188 482 3232 Α.
540 3187 570 3232 18
598 3193 702 3234 arttoem
713 3188 743 3251 B,
763 3193 829 3233 arcto
841 3188 889 3233 iam
901 3189 929 3238 A.

179 3261 190 3307 u
202 3258 344 3306 ambulabat
355 3259 385 3304 Δ.
457 3258 489 3304 20
517 3259 644 3304 immensae
662 3260 691 3315 Α,
716 3259 837 3304 inmensos
854 3258 883 3305 B.
