2234 3842
64 355 149 391 evmo
174 345 219 390 100

83 514 96 556 1
290 487 430 552 Paroum

81 614 96 658 2
291 591 444 676 Priapion

80 717 95 762 e
290 692 465 760 Gramieon

79 823 96 866 4
290 797 437 883 Kyzieon
558 823 559 829 ¹

80 925 94 969 e
290 901 429 986 Apamia

79 1029 94 1071 e
291 1001 374 1068 Oion

81 1131 94 1173 7
290 1105 448 1172 Prenetos

80 1235 95 1278 8
288 1208 447 1274 Eribulon

81 1339 95 1382 9
288 1311 504 1389 Niehomedia
547 1313 664 1400 regalis
707 1313 823 1379 nobilis
860 1324 893 1378 et

64 1443 96 1486 10
137 1417 216 1480 olim
225 1414 388 1502 opulenta,
403 1439 500 1501 quam
514 1417 599 1481 inter
614 1418 794 1502 complures
810 1441 892 1482 mar-

66 1548 96 1592 11
136 1520 216 1584 tires
239 1540 279 1583 ae
301 1528 430 1585 sanctos
445 1518 598 1605 perendie
614 1519 891 1606 splendidissimus

66 1649 98 1694 12
137 1623 237 1688 atleta
266 1618 389 1688 Christi
415 1623 594 1688 Pantaleon
623 1623 690 1688 suis
719 1624 891 1690 virtutibus

67 1752 98 1798 13
136 1728 172 1794 in
193 1735 263 1792 toto
285 1735 442 1792 terrarum
464 1724 541 1790 orbe
564 1725 729 1791 clarificat.

68 1857 99 1901 14
167 1831 243 1900 1⁰0.
287 1829 419 1896 Libissa

68 1959 99 2004 11
290 1931 492 2000 Chalehidon
529 1956 630 2020 aeque
667 1935 891 2018 famosissima,

1 2059 2 2116 j
69 2062 100 2106 16
139 2062 234 2124 quam
268 2035 391 2102 Christi
424 2038 514 2125 virgo
549 2045 582 2103 et
614 2039 726 2102 martir
752 2039 892 2106 Eufimia

35 2219 41 2228 ,
68 2169 99 2212 11
137 2144 214 2208 lieet
242 2143 277 2205 in
305 2140 383 2206 urbe
411 2141 502 2228 regia
530 2165 611 2226 quae
640 2142 716 2206 huie
740 2143 891 2229 contigue

70 2272 99 2316 18
139 2257 188 2312 est
214 2245 391 2311 tumuletur
418 2243 459 2309 ob
491 2243 700 2310 barbarorum
726 2246 890 2309 incursum

69 2375 99 2418 le
139 2373 197 2416 suo
221 2349 364 2414 martirio
390 2349 520 2431 suisque
542 2348 715 2428 virtutibus
738 2348 816 2412 feeit
838 2370 890 2412 ee·

69 2477 100 2520 20
139 2453 353 2532 leberrimam,

69 2579 99 2624 21
288 2555 384 2620 Ieron

69 2681 100 2726 22
249 2665 254 2685 ¹
292 2658 553 2722 Promuntorium
566 2657 720 2742 Augusti,
743 2655 830 2739 quod
849 2656 889 2720 de

69 2785 99 2831 23
138 2765 244 2828 Ponto
267 2763 384 2847 mergit
411 2762 445 2824 in
467 2759 712 2846 Propontidem,
741 2757 889 2842 quodque

69 2889 100 2934 14
139 2876 253 2932 eatena
274 2888 339 2929 una
360 2864 502 2928 munitur
523 2866 635 2945 ferrea,

68 2993 99 3038 25
287 2967 400 3032 Herba
433 3059 435 3064 .

1 3075 2 3078 '
70 3094 100 3140 26
288 3073 418 3138 Melene

1 3323 2 3354 1
118 3379 120 3382 Ι
173 3317 246 3362 codex
265 3315 287 3360 b.
