2314 3840
452 315 601 350 Pssannamo.
894 316 936 357 Vll

104 457 136 520 a
186 455 295 522 codex
317 436 496 538 Parisinus,
517 455 731 524 cinnamon
747 460 822 545 imp.
839 461 938 543 rael,

180 566 309 632 saeculi
330 586 382 630 xm
397 567 461 631 ,vel
488 587 553 650 mv,
581 569 862 659 membranaceus,
889 573 937 637 fo-

180 679 238 744 liis
265 678 341 744 latis
368 677 502 763 pollices
530 679 635 746 Rhen.
665 683 685 748 7
715 690 748 746 et
775 683 876 748 lineas
907 684 937 766 6,

183 790 261 856 altis
283 788 417 875 pollices
436 791 491 868 113
514 790 651 876 paginae
667 802 743 857 sunt
757 793 938 879 bipertitae,

183 923 339 966 versuum
349 885 410 979 383
428 902 647 968 columnarum
658 903 795 969 latitudo
809 913 859 970 est
869 907 938 992 pol-

186 1014 289 1079 licum
306 1015 326 1080 2
344 1021 377 1078 et
388 1013 545 1078 linearum
557 1015 588 1095 6,
604 1013 741 1079 altitudo
752 1017 939 1101 pollicum8

186 1133 221 1189 et
242 1125 399 1189 linearum
422 1125 453 1190 2.
499 1123 603 1190 codex
625 1126 788 1212 eleganter
809 1127 940 1212 quidem

188 1236 330 1320 scriptus
353 1233 411 1300 sed
425 1235 627 1320 compendiis
641 1237 820 1303 litterarum
834 1239 939 1304 minus

186 1347 378 1432 perspicatia,
405 1347 522 1432 quippe
544 1348 694 1412 nonsibi
717 1349 939 1415 constantibus

187 1459 336 1524 refertus.
389 1481 462 1522 eum
488 1457 623 1539 librum,
653 1481 748 1542 quem
777 1460 939 1526 Porchero

188 1569 277 1655 typis
293 1570 462 1654 expressit,
477 1578 514 1634 ut
527 1569 715 1636 Berolinum
729 1571 863 1636 missum
878 1573 940 1658 ipsi

188 1681 295 1746 denuo
318 1690 467 1747 excutere
482 1703 650 1766 possemus
667 1679 828 1767 Georgius
843 1683 939 1748 Perta

187 1791 343 1858 benevole
366 1791 482 1858 effecit.

122 1905 150 1968 0
191 1902 297 1968 codex
322 1903 512 1970 Basiliensis
541 1903 580 1968 F.
605 1903 646 1967 V.
673 1906 712 1987 6,
740 1902 939 1986 chartaceus,

187 2015 310 2081 saeculi
325 2034 374 2078 xiv
389 2001 425 2078 et
435 2034 483 2079 xv.
523 2023 650 2080 constat
666 2015 750 2082 foliis
769 2015 843 2096 137,
865 2015 939 2080 latis

73 2155 76 2161 ·
187 2127 323 2212 pollices
347 2125 451 2192 Rhen.
476 2129 496 2220 7
520 2135 552 2192 et
574 2127 675 2193 lineas
702 2126 753 2208 10,
776 2126 848 2192 altis
870 2125 940 2212 pol·

186 2239 267 2304 lices
294 2239 335 2306 10
358 2246 391 2304 et
412 2238 513 2304 lineas
536 2237 568 2306 8.

231 2350 271 2414 m
292 2351 398 2435 primo
421 2350 498 2414 auo
521 2350 640 2436 legitur
665 2349 830 2430 „rituum
852 2349 940 2415 rum

187 2462 297 2546 plures
320 2461 395 2526 libri
411 2483 484 2526 cum
499 2462 581 2542 aliis,
604 2469 734 2524 notatus
749 2478 850 2524 cantu.
884 2459 941 2524 Li·
1009 2525 1012 2532 ,

186 2572 247 2638 ber
263 2571 377 2638 domus
388 2573 492 2638 Vallis
508 2572 602 2638 beate
617 2571 803 2657 Margarete
819 2570 940 2636 ordinis
1047 2585 1050 2600 ‘

189 2679 455 2750 Cantusianorum
482 2685 516 2748 in
544 2683 673 2749 Basilea
701 2683 817 2748 minori
846 2680 940 2748 datus

190 2793 296 2862 eidem
310 2818 368 2880 per
382 2793 573 2860 venerabilis
584 2793 735 2858 memorie
746 2793 942 2880 Magistrum

188 2907 370 2974 Henricum
392 2906 523 2972 Amiot“
550 2905 616 2989 (vel
638 2905 763 2989 Amici)
793 2905 846 2986 „in
868 2905 942 2970 Me-

189 3018 305 3084 dicinis
327 3019 505 3086 Ductorem
528 3021 611 3082 etc.“

169 3127 324 3196 Continet
352 3131 486 3216 triginta
512 3127 577 3194 duo
604 3137 761 3194 tractatus
789 3128 869 3194 varii
892 3151 942 3192 ar·

125 3243 281 3329 gumenti,
296 3241 394 3310 variis
409 3239 618 3325 temporibus,
641 3239 768 3312 diversa
782 3241 815 3307 in
831 3240 942 3308 charta
