2242 3838
13 307 131 379 lun

12 413 14 468 Ι

268 478 417 544 Tuverna
438 479 556 566 frigida

265 583 358 648 Lune

74 504 82 544 1

71 605 84 648 a

72 705 84 748 3
267 687 394 751 Pullion

72 809 85 851 4
266 791 382 855 Bibola

74 913 86 958 5
268 893 380 958 Rubra

73 1021 85 1063 o
269 994 453 1060 Cornelium

73 1226 86 1268 8

74 1329 86 1371 u

267 1099 418 1163 Buluetia

266 1203 376 1268 Boron

10 1383 11 1386 Ἴ
266 1307 391 1371 Boxum

10 1443 11 1480 3
59 1433 86 1474 10
266 1411 385 1474 Turres

10 1499 11 1562 ἶ
59 1533 83 1576 11
265 1510 385 1578 Staoile

60 1635 86 1676 n
266 1617 439 1700 Apennina

59 1739 87 1781 13
267 1719 323 1783 Ad
345 1719 492 1784 Muniala

62 1841 88 1882 14
267 1822 323 1886 Ad
345 1821 469 1888 Solaria

61 1943 88 1985 15
268 1925 385 1990 Ricina

124 2187 135 2230 1
163 2185 272 2231 Taverna
290 2187 378 2244 frigida
401 2185 457 2230 editi
474 2193 500 2231 at
518 2185 538 2231 V
553 2185 576 2240 2,
605 2185 705 2231 taberna
723 2185 811 2244 frigida
836 2186 862 2242 G,

121 2256 157 2300 Ad
168 2256 268 2302 taberna
280 2257 369 2315 frigida
384 2255 439 2301 Ταῦ.
495 2257 509 2300 2
529 2256 595 2301 Lune
614 2259 683 2300 alitam
700 2257 721 2299 V
736 2257 751 2300 2
770 2258 864 2312 ailina,

120 2325 174 2372 lime
188 2325 211 2384 0,
231 2326 314 2372 Lunae
327 2327 383 2372 editi
395 2341 445 2371 cum
459 2326 514 2372 Tab.
573 2329 587 2371 3
607 2326 701 2373 Pullion
720 2329 789 2372 etiam
804 2327 825 2370 V
840 2327 864 2382 2,

120 2396 209 2455 palium
223 2397 252 2442 G.
301 2396 424 2443 4Bibola
437 2399 506 2442 otiam
521 2397 575 2454 V2,
594 2397 734 2443 biboniaG.
784 2397 865 2442 auu·

120 2469 161 2513 bra
178 2471 249 2514 etiam
264 2469 284 2514 V
301 2469 324 2524 2,
352 2482 412 2513 auae
428 2465 583 2514 Terrarossa?
655 2469 668 2514 6
697 2468 817 2514 conalium
834 2468 863 2522 Β,

120 2537 243 2585 ΟοηοΙίιιιη
257 2539 321 2596 aditi,
335 2537 446 2584 Cornelia
458 2539 511 2594 V2,
524 2553 585 2584 nanc
594 2537 725 2598 Ooruiglio.
774 2541 788 2585 7
807 2537 865 2583 Bul-

118 2611 181 2655 netia
204 2612 275 2655 atium
292 2610 311 2654 V
326 2610 356 2666 2,
382 2609 492 2655 vulnecia
511 2606 563 2665 Μ’,
590 2609 726 2656 vulnecium
746 2610 784 2665 θ’,
812 2608 865 2653 vul-

119 2682 184 2726 cenia
204 2678 243 2726 Gi.
300 2683 314 2726 8
334 2680 414 2724 Boron
432 2682 502 2724 etiam
516 2680 537 2724 V
553 2681 568 2723 2
587 2687 609 2726 et
625 2680 688 2736 Tala,
711 2680 781 2725 biron
800 2677 863 2734 ΟΜ,

118 2751 183 2797 bndn
203 2748 240 2797 Gf.
296 2750 424 2795 9Baxum
443 2753 513 2796 etiam
533 2751 590 2795 V2.
641 2752 671 2795 10
691 2751 777 2795 Turres
796 2752 865 2794 otiam

123 2821 176 2878 V2,
195 2823 265 2867 tirres
286 2819 310 2866 C.
367 2822 396 2865 11
417 2819 505 2866 Stacile
524 2823 593 2866 etiam
608 2821 661 2876 V2,
682 2820 782 2867 statuae
801 2820 863 2872 edili,

120 2891 202 2937 Cilicio
222 2891 250 2937 G.
263 2889 374 2951 fortunae
392 2905 442 2936 cam
456 2892 610 2949 praecedeuti
627 2892 817 2951 couiaoyeodum.
842 2893 864 2935 iu

123 2961 210 3008 Tabula
227 2961 306 3020 Aquis
318 2960 407 3007 Tatelis
426 2961 512 3020 (Aquis
524 2961 687 3008 Statiellorum
700 2968 722 3006 et
735 2960 865 3020 Statyellae

119 3032 193 3091 Plu.)
206 3034 282 3092 mayis
291 3031 327 3076 ud
338 3031 487 3078 occidentem.
538 3033 569 3078 12
588 3032 714 3091 Apennino
726 3035 795 3077 etiam
806 3032 827 3076 V
840 3032 864 3086 2,

120 3103 148 3148 ln
164 3103 227 3162 Alpe
245 3102 353 3148 Pennino
370 3102 425 3147 Tab.
498 3104 529 3148 13
557 3104 596 3149 Ad
618 3102 718 3148 monilia
741 3103 865 3148 conicum

124 3173 185 3230 Tul„
204 3173 244 3218 Ad
252 3172 370 3218 Munialia
384 3173 405 3216 V
414 3173 437 3228 2,
452 3173 591 3219 ammonilia
601 3170 646 3229 GV,
660 3173 798 3219 ummouilia
808 3173 865 3227 G⁶'‘,·

119 3258 179 3290 uana
196 3243 332 3303 Moneglia:
391 3245 422 3288 14
449 3243 488 3288 Ad
507 3243 600 3290 Solaria
618 3247 687 3288 otium
702 3245 722 3289 V
738 3245 753 3288 2
772 3251 794 3288 ei
810 3244 864 3289 Ταῦ.

124 3316 152 3360 15
172 3315 258 3361 Ricina
276 3316 346 3360 etium
363 3314 383 3360 V
400 3315 415 3358 2
434 3320 457 3359 et
472 3314 526 3360 Tab.
