2242 3838
58 339 85 384 [ΙΙ
102 340 130 384 12
808 332 856 386 167

17 575 18 656 i
73 608 84 651 2
118 586 215 652 Oham
236 587 334 650 finem
348 586 527 671 praefatum
542 585 629 670 quod
642 583 858 671 praediximus

17 749 18 770 p
73 712 85 756 n
119 692 229 755 fretum
252 687 589 776 Septemgaditenum‚
618 690 673 773 qui
696 689 795 752 currit
818 686 857 752 de

73 815 86 857 4
118 795 191 858 meri
214 815 331 880 magno
352 791 493 874 Gallico,
515 792 602 876 quod
623 793 678 856 alii
688 792 859 880 Valeriano

16 983 17 986 Ἴ
74 917 85 961 5
119 895 252 983 Spaniae
281 897 460 982 appellant,
489 919 636 983 mergens
665 897 698 960 in
726 893 858 960 Oeeano

16 989 17 996 ἵ
73 1020 85 1062 s
117 1001 354 1087 spatiosissimo.
401 1002 456 1084 qui
480 1002 581 1065 fretus
604 999 859 1084 superscriptus

73 1121 85 1164 7
117 1102 416 1190 Septemgaditenus
429 1103 554 1185 dividit,
569 1113 606 1168 ut
617 1102 767 1184 diximus,
777 1105 860 1167 inter

16 1233 17 1302 i
73 1221 85 1265 8
116 1209 342 1274 Mauritaniam
377 1216 410 1271 et
440 1205 611 1292 Ispaniam.
665 1230 739 1271 nem
771 1207 859 1271 nullo

73 1325 84 1368 ⁹
116 1311 208 1376 modo
237 1311 278 1376 ab
308 1311 448 1394 antiquis
477 1311 606 1395 quidem
634 1309 756 1376 dictum
783 1308 860 1374 alibi

16 1445 18 1484 ῑ
61 1429 85 1474 10
115 1417 287 1500 reperimus
318 1413 404 1498 quod
432 1415 494 1479 hoe
521 1437 608 1478 mare
629 1437 783 1501 magnum
804 1437 861 1478 no-

16 1541 17 1572 ;
61 1533 84 1576 11
116 1527 215 1584 strum
237 1542 296 1604 per
318 1527 419 1583 semet
440 1519 546 1603 ipsum
566 1517 652 1604 apud
666 1518 812 1582 humanis
827 1518 860 1582 in

16 1623 17 1634 ²
60 1633 84 1678 1²
117 1619 246 1687 Oceano
270 1621 436 1708 optutibus
459 1645 523 1686 non
546 1622 686 1686 societur
707 1621 769 1685 nisi
790 1629 860 1686 tan-

16 1727 17 1786 ]
61 1735 84 1781 1³
115 1725 279 1790 tummodo
301 1727 334 1789 in
356 1725 430 1808 hoc,
452 1723 539 1809 quod
560 1725 705 1810 superius
721 1723 860 1790 diximus

60 1838 85 1882 14
114 1829 194 1910 1000,
218 1829 274 1913 qui
288 1830 388 1894 fretus
404 1828 522 1893 dieitur
533 1826 846 1915 Septemgaditenus.

17 403 19 552 i
73 509 82 551 1
157 483 211 548 Ad
239 503 390 546 occasum
418 483 503 546 enim
530 481 628 546 habet
655 482 726 566 ipsa
753 482 857 566 portio

17 659 19 724 i

116 2208 157 2238 om.
169 2192 234 2238 editi.
262 2193 272 2237 ΙΙ
293 2193 426 2251 postenim
446 2190 548 2238 Gaddir
566 2205 702 2238 occeanum.
740 2193 754 2237 2
775 2191 789 2237 3
809 2202 862 2250 pre-

115 2265 189 2310 fatum
222 2264 308 2310 fretum
336 2264 401 2321 quod
428 2263 577 2323 prediximus
601 2263 808 2322 sepiegaditenum
837 2259 860 2306 0.

116 2336 236 2380 artetum
255 2335 333 2379 om.B
349 2333 436 2380 Porci.
463 2334 473 2380 ΙΙ
502 2334 555 2392 quil
575 2334 640 2391 quod
658 2333 722 2379 editi.
777 2331 862 2391 Agal-

115 2405 186 2452 lieum
214 2406 266 2450 AB.
311 2404 321 2450 ΙΙ
364 2404 418 2451 eliis
436 2405 501 2450 editi.
591 2403 605 2450 5
633 2403 770 2462 appellatur
796 2403 860 2456 editi,

116 2477 125 2522 ΙΙ
137 2489 238 2536 vergens
257 2473 299 2521 AG
316 2489 366 2520 omn
386 2475 498 2521 Gnidone.
549 2475 661 2532 6superl
680 2489 724 2534 sup
743 2477 770 2530 A,
790 2486 862 2532 supra

116 2547 177 2593 editi.
202 2547 212 2592 ΙΙ
232 2547 348 2604 scriptus]
362 2547 439 2592 dietus
452 2546 516 2591 editi.
563 2547 576 2590 7
590 2547 796 2604 septemgeditani‘r
809 2545 859 2589 AB.

118 2619 132 2663 8
151 2618 259 2676 spaniam
271 2614 318 2673 Au,
338 2617 479 2676 Hispaniam
499 2615 563 2661 editi.
618 2618 632 2661 9
653 2617 748 2674 quidem
762 2617 862 2670 dictuml

118 2687 181 2748 quid'
194 2689 286 2733 dietum
304 2688 332 2744 A,
352 2687 385 2746 qd
403 2688 493 2734 dietum
511 2687 541 2745 Β,
565 2687 630 2746 quod
649 2685 702 2733 de'ffi
723 2685 745 2743 0,
771 2687 860 2730 dietum

118 2761 180 2817 quod
193 2759 258 2804 editi.
301 2759 331 2803 11
353 2759 418 2817 apud
430 2773 474 2804 om.
482 2757 506 2805 0.
524 2759 534 2804 ΙΙ
550 2759 667 2805 humanos
676 2761 704 2804 A.
750 2758 779 2800 1⁴2
799 2756 862 2814 opti-

118 2831 207 2875 tutibns
227 2827 251 2875 0.
280 2828 289 2873 ΙΙ
315 2843 362 2875 non
381 2830 469 2876 scietur
481 2828 550 2887 ABG,
570 2829 671 2884 „influet
689 2829 738 2874 sive
757 2831 862 2885 emergat

119 2899 156 2945 vel
173 2899 315 2958 copuletur“
337 2899 419 2946 (irride.
481 2902 512 2945 14
531 2900 599 2944 locus
617 2899 666 2944 AB.
694 2899 703 2943 ΙΙ
729 2903 862 2956 septemge-

119 2971 202 3016 ditenis
214 2973 242 3027 A,
266 2984 304 3030 pp
323 2971 487 3030 septemgudes
500 2972 516 3016 i.
529 2969 659 3026 columnas,
679 2981 737 3027 ques
755 2969 790 3014 ibi
808 2969 862 3013 fixit

120 3041 244 3099 Hercules,
271 3041 336 3087 ultra
364 3055 422 3100 quas
444 3055 494 3088 non
516 3043 565 3087 itur
586 3055 668 3100 marpo
691 3041 711 3084 A
734 3053 779 3085 sec.
798 3055 860 3084 nean.

120 3113 191 3170 iipoet
203 3111 429 3170 Septemgadiranus
449 3111 468 3158 C
484 3112 553 3158 addit
570 3113 599 3157 de
617 3125 714 3169 europa,
734 3111 763 3156 de
782 3111 861 3170 sythis

122 3197 224 3228 eremesa
242 3183 313 3228 iuxta
330 3183 387 3230 litus
406 3183 504 3229 occeani
522 3181 714 3241 septentrionalis
733 3183 796 3239 apud
814 3195 862 3226 rer-

119 3253 189 3311 mipte
207 3254 294 3312 posite

117 2126 129 2168 1
157 2128 212 2168 ante
234 2135 346 2168 oceasum
373 2123 416 2168 AB
439 2121 496 2168 editi
523 2121 578 2168 add.
602 2135 725 2168 oceanum.
753 2121 762 2166 ΙΙ
799 2122 862 2166 enim

15 2293 16 2322 i

15 2327 16 2374 i

15 2377 16 2406 i
