2198 3840
0 331 1 338 ἶ
53 360 131 396 auno
150 349 165 396 6
821 346 874 400 453

71 515 84 561 1
119 493 237 558 iamin
259 492 396 577 propriis
419 493 541 578 patrias
557 480 799 574 nominaverim,
822 503 871 558 ta-

0 613 1 680 }
69 617 83 663 a
119 619 190 660 meu
217 596 373 660 reiterans
397 593 528 662 Christo
556 597 686 662 favente
715 597 869 662 minutius

69 722 83 768 a
121 699 307 788 designabo,

1 2369 3 2418 1

67 825 84 870 4
140 802 171 871 5.
215 801 313 868 Italia
323 801 445 867 habens
456 803 537 868 fines
550 803 590 868 ab
602 801 769 868 occidente
781 825 872 867 mon-

69 926 82 973 a
119 916 167 972 tes
184 905 342 988 excelsos,
358 927 439 989 quos
455 905 586 989 quidam
597 906 731 971 Titanos
748 905 871 988 dicunt,

68 1031 82 1075 e
119 1010 173 1075 alii
189 1009 293 1095 Alpes
313 1008 420 1076 Iovias
442 1010 619 1090 nominant,
640 1009 830 1094 incipientes
853 1033 873 1075 a

69 1134 83 1178 1
119 1115 200 1179 mari
228 1112 375 1194 Gallico,
402 1111 490 1196 quod
504 1121 549 1176 et
571 1111 758 1196 Turenum,
785 1111 874 1178 haud

68 1237 82 1282 a
118 1216 214 1303 longe
244 1238 264 1279 a
294 1215 460 1300 praedicta
489 1215 618 1280 civitate
646 1215 872 1302 Vigintimilio.

68 1341 82 1386 a
120 1319 175 1402 qui
196 1318 350 1383 videlicet
371 1328 497 1385 montes
527 1318 674 1384 dividunt
695 1320 780 1384 inter
800 1341 875 1404 pro-

55 1443 82 1488 10
119 1423 261 1487 vinciam
275 1420 494 1507 Septimanam
510 1431 542 1486 et
553 1422 692 1504 Italiam,
706 1423 791 1487 inter
808 1422 874 1487 Re-

54 1545 82 1590 11
119 1527 225 1592 tiancs
242 1536 275 1590 et
288 1525 427 1608 Italiam,
449 1526 533 1590 iuter
544 1521 743 1590 Carantanos
760 1534 793 1590 et
807 1525 874 1591 Ita-

53 1651 83 1696 11
119 1631 208 1712 iiam,
223 1630 309 1694 inter
323 1629 460 1714 patriam
472 1626 673 1694 Carnuntum
689 1637 722 1692 et
736 1625 874 1711 Italiam,

54 1753 83 1799 10
120 1732 210 1817 quod
240 1733 352 1818 iugum
376 1729 516 1796 Carnich
545 1731 586 1797 ab
609 1732 749 1816 antiquis
771 1732 874 1818 Aipcs

55 1859 84 1903 14
118 1836 222 1902 Iuliae
244 1833 443 1916 dicebantur,
458 1836 576 1918 quique
592 1836 688 1900 etiam
704 1837 762 1901 tali
778 1834 875 1901 modo
971 1878 975 1880 -

55 1961 83 2006 11
121 1939 310 2005 claudentes
332 1937 460 2002 Italiam
483 1936 684 2003 descendunt
706 1939 748 2004 ad
770 1941 876 2005 sinum

55 2063 84 2109 16
119 2043 220 2108 maris
229 2041 392 2106 Adriatici
406 2064 470 2105 non
484 2041 581 2129 longe
597 2065 617 2108 a
632 2043 762 2107 civitate
773 2043 876 2108 Thar-

56 2167 84 2210 11
121 2148 226 2213 satieo
247 2145 431 2232 provinciae
446 2144 622 2211 Liburniae
644 2145 799 2211 inlocum
821 2147 876 2230 qui

56 2268 85 2314 11
122 2251 244 2316 dicitur
265 2250 384 2315 Fanas.

57 2370 86 2414 11
145 2352 177 2420 (i.
224 2355 257 2418 A
272 2352 415 2419 seeundo
428 2354 528 2418 latere
544 2361 594 2418 est
604 2351 717 2418 Itaiiae
731 2351 805 2418 finis
819 2347 877 2438 per

160 2573 253 2622 codices
272 2573 345 2636 bfmr.
425 2575 591 2638 cf.Rac.325
610 2578 643 2624 10
656 2592 691 2638 aq.
711 2577 762 2622 292
781 2576 841 2636 deq.

126 2685 138 2729 1
167 2679 363 2742 nominaveras.
445 2683 459 2726 2
487 2682 601 2730 christum
613 2681 640 2744 f.
676 2683 686 2730 ΙΙ
719 2681 839 2728 minucius
849 2679 876 2742 f.

125 2756 139 2800 3
169 2752 315 2811 dessignabc
338 2766 369 2797 m.
414 2751 424 2798 ΙΙ
462 2759 520 2810 port
537 2755 668 2814 designabo
681 2752 703 2815 s
717 2753 791 2799 rubro
810 2751 878 2798 addit

123 2825 203 2884 prima
220 2823 274 2868 finis
291 2821 374 2882 ytalia
393 2837 416 2868 m
435 2823 503 2868 addit
519 2823 638 2871 lTALIA.
693 2826 707 2870 4
726 2823 810 2880 italia}
828 2823 877 2869 Ra-

123 2909 192 2940 vana.
206 2893 258 2938 292
277 2893 340 2953 deq.
422 2895 438 2939 4
464 2893 541 2953 ytalia
558 2909 580 2942 r.
661 2897 675 2942 b
703 2899 800 2954 tytancs
812 2891 876 2954 fmr.

127 2967 141 3011 6
170 2964 249 3010 ionias
275 2977 320 3010 mr.
356 2963 367 3010 11
402 2963 531 3023 incipiente
558 2963 593 3026 bf.
661 2967 675 3010 7
702 2965 806 3010 tirenum
832 2978 876 3022 mr,

125 3035 270 3095 tyrrhenum
297 3035 319 3080 b.
355 3033 365 3080 ii
398 3035 458 3080 haut
485 3032 520 3094 bs.
600 3037 615 3082 8
642 3036 767 3094 praedicta
793 3049 837 3081 om.
851 3032 879 3095 f.

128 3107 160 3152 10
180 3103 282 3164 ytaliam
299 3119 337 3150 mr
355 3104 392 3151 iic
410 3111 433 3150 et
450 3103 526 3165 infra.
554 3104 563 3150 ΙΙ
588 3107 698 3152 raciancs
710 3105 735 3166 s.
792 3107 821 3150 11
843 3105 878 3152 11-

127 3182 164 3222 tar
182 3173 332 3222 carantanos
350 3181 375 3222 et
392 3175 487 3222 Italiam
506 3189 550 3220 om.
569 3191 590 3222 r.
657 3177 689 3222 12
718 3175 877 3232 Carnuntum]

128 3252 153 3292 et
171 3251 313 3292 carnuntum
324 3243 351 3306 f.
426 3247 456 3292 16
485 3246 576 3292 adriaci
594 3261 639 3292 mr.
713 3248 744 3294 18
772 3247 840 3293 tonas
852 3245 878 3307 f.

131 3319 161 3363 19
190 3318 212 3362 A
232 3329 276 3361 om.
289 3314 316 3375 f.
