2198 3840
1 1389 2 1408 r
71 1361 84 1406 1
157 1340 185 1409 1.
231 1313 326 1412 Cum
352 1343 437 1409 inter
463 1365 574 1410 omnes
603 1345 747 1410 hominos
770 1343 872 1408 sooie-

1 1413 3 1522 i
70 1463 85 1509 2
124 1453 222 1512 tatem
245 1445 406 1532 quandam
428 1457 544 1513 natura
565 1449 637 1534 ipsa
659 1447 872 1527 constituerit,

69 1568 85 1613 3
124 1571 183 1614 neo
210 1551 278 1615 ulla
307 1551 375 1616 sine
404 1552 451 1615 rei
477 1552 529 1616 vel
557 1573 672 1638 operae
701 1549 871 1614 collatione

69 1671 86 1718 4
123 1655 224 1738 possit
245 1663 392 1719 constare
421 1655 573 1738 societate,
600 1655 635 1719 in
662 1653 794 1718 humani
815 1675 873 1739 ge·

1 1769 2 1810 l
68 1779 83 1824 o
123 1759 205 1822 neris
221 1759 409 1822 societatem
422 1781 529 1823 rerum
543 1767 724 1824 nostrarum
738 1779 871 1842 operum

1 1817 3 1968 i
69 1882 85 1928 o
124 1870 154 1926 et
175 1859 356 1927 studiorum
377 1884 442 1927 non
463 1863 627 1936 minimam
647 1869 773 1948 partem
795 1881 871 1924 oon·

1 1975 2 2059 i
69 1983 84 2028 7
121 1965 203 2030 ferre
231 1963 396 2030 debemus.
441 1965 538 2030 immo
565 1974 603 2030 ul
629 1964 810 2050 expressius
838 1970 870 2026 et

1 2065 2 2082 ¹
69 2087 84 2132 8
123 2069 239 2132 certius
262 2066 379 2150 dicam,
401 2067 434 2131 in
456 2067 614 2132 humanae
628 2069 713 2133 vitae
729 2089 871 2132 eommu-

68 2191 83 2235 s
120 2173 248 2236 nionem
269 2171 421 2257 pleraque
435 2181 547 2234 nostra
559 2172 690 2258 negotia
704 2179 736 2234 et
752 2168 869 2248 studia,

1 2268 2 2271 ¹
54 2293 85 2339 10
121 2275 153 2339 in
163 2283 321 2359 quantum
331 2297 382 2339 res
393 2283 503 2338 nostra
513 2275 634 2359 patitur
645 2282 677 2338 et
687 2273 824 2336 facultas
837 2280 869 2334 et

55 2397 84 2442 11
122 2379 256 2444 seientia
271 2367 494 2458 amministrai,
510 2377 667 2441 collocare
682 2375 846 2440 debemus.

55 2499 85 2544 11
151 2482 182 2549 2.
227 2481 302 2546 Neo
316 2481 379 2544 hoo
394 2503 433 2544 ex
447 2489 558 2546 nostra
572 2480 709 2565 simplici
719 2479 868 2564 opinione

56 2601 85 2648 13
118 2586 325 2669 proferimus,
355 2583 414 2648 sed
442 2608 482 2648 ex
504 2584 707 2668 antiquorum
727 2582 869 2667 philoso-

1 2305 2 2351 l

1 2397 3 2440 l

1 2448 2 2492 l

55 2703 85 2751 14
117 2688 253 2774 phorum
268 2687 469 2769 auctoritate,
490 2697 522 2751 et
536 2689 673 2752 maxime
688 2685 868 2772 divinorum

150 2859 243 2905 codices
259 2855 331 2918 bfmr.

119 2965 132 3008 1
152 2975 234 3009 omnes
252 2965 361 3008 omittant
378 2977 423 3008 mr.
469 2965 483 3009 2
503 2964 662 3020 constituerit]
681 2963 806 3008 constituit
821 2977 866 3007 mr.

118 3033 132 3079 Β
160 3033 232 3092 ope're
260 3031 332 3093 bfmr.
368 3033 378 3079 ll
408 3033 539 3080 collacione
560 3033 589 3094 ff
669 3036 682 3080 7
712 3032 803 3078 oeroius
829 3031 866 3092 sr.

119 3104 132 3148 9
160 3105 261 3163 negocia
279 3101 338 3164 bfm.
373 3104 382 3150 ΙΙ
415 3111 496 3151 nostra
515 3119 553 3152 res
574 3105 633 3150 brar.
706 3105 737 3149 11
765 3104 867 3150 admini-

117 3179 177 3220 strat
194 3189 239 3220 mr.
295 3175 326 3220 12
355 3175 484 3234 oppinione
502 3190 524 3221 r.
588 3177 619 3222 18
648 3179 684 3222 set
699 3173 744 3235 sm.
771 3174 781 3221 ll
805 3175 865 3236 phy·

112 3245 270 3304 losophornm
287 3259 318 3290 m.
867 3257 869 3259 ·

665 3330 697 3370 29
